4528 5820
150 2552 298 2724 Non
320 2660 449 2740 ignoro,
484 2659 538 2740 qui
566 2655 607 2720 de
636 2657 826 2720 carminibus
852 2657 1020 2718 homericis
1042 2653 1204 2740 disputare
1226 2658 1367 2718 animum
1390 2652 1572 2732 induxerit,
1600 2675 1683 2740 opus
1723 2675 1797 2719 eum
1831 2657 1992 2739 suscipere

150 2775 302 2839 maxime
320 2775 454 2841 arduum
483 2787 581 2859 atque
608 2796 783 2860 operosum
806 2785 839 2838 et
862 2777 893 2838 in
916 2777 1018 2837 varias
1046 2777 1206 2837 incurrere
1234 2775 1513 2859 reprehensiones,
1548 2794 1620 2837 cum
1655 2796 1723 2839 rem
1737 2776 1806 2838 'sibi
1828 2784 1992 2858 proponat

150 2893 360 2972 tractandam,
383 2894 423 2959 de
446 2915 509 2978 qua
532 2897 658 2978 plurimi
683 2897 738 2958 viri
760 2897 845 2978 iique
864 2891 1037 2957 doctissimi
1053 2903 1119 2956 tam
1137 2904 1231 2957 acute
1247 2905 1344 2976 atque
1360 2891 1483 2957 emdite
1506 2895 1648 2976 egerint,
1672 2903 1707 2957 ut
1731 2896 1785 2976 qui
1808 2915 1842 2957 se
1865 2893 1991 2957 illorum

150 3013 419 3098 disputationibus
441 3013 558 3098 aliquid
580 3012 696 3077 addere
718 3034 816 3099 posse
838 3015 1015 3088 existimet,
1045 3010 1216 3076 deridenda
1238 3014 1316 3075 haec
1340 3010 1485 3076 videatur
1507 3034 1578 3076 esse
1600 3016 1792 3096 arrogantia.
1839 3011 1991 3076 Codicem

149 3134 235 3196 enirn
258 3132 420 3196 Venetum
444 3133 578 3226 A.A(qui
602 3137 685 3196 inter
706 3131 881 3200 Marcianos
910 3143 1097 3195 numeratur
1119 3135 1195 3210 454)
1220 3143 1251 3196 et
1275 3131 1449 3195 secundum
1472 3132 1566 3212 hujus
1589 3134 1851 3215 praestantissimi
1874 3129 1990 3196 codicis

149 3248 244 3314 fidem
268 3251 397 3315 Iliadem
422 3273 485 3316 una
509 3273 581 3316 cum
605 3253 730 3315 scholiis
757 3263 970 3336 posteaquam
998 3248 1200 3314 doctissimus
1223 3251 1273 3314 ille
1297 3250 1496 3314 Villoisonus
1518 3253 1665 3336 princeps
1688 3250 1833 3315 Venetiis
1856 3273 1882 3314 a
1909 3251 1990 3329 1788

149 3369 246 3434 edidit
268 3381 300 3434 et
323 3369 363 3434 ad
386 3392 590 3435 communem
624 3390 718 3434 usum
752 3373 936 3456 proposuit,
972 3369 1079 3454 plures
1106 3373 1139 3433 in
1166 3368 1234 3434 dies
1258 3373 1315 3434 viri
1338 3369 1441 3433 studia
1469 3371 1631 3434 homerica
1660 3390 1812 3433 exercere
1834 3373 1866 3434 in
1889 3373 1991 3452 iisque

148 3489 329 3573 diligentius
352 3493 472 3554 versari
494 3501 679 3574 coeperunt.
725 3489 808 3554 Cum
832 3511 910 3554 vero
933 3489 984 3554 Fr.
1009 3489 1094 3573 Aug.
1121 3489 1275 3566 wolfius,
1300 3491 1354 3571 qui
1376 3489 1439 3568 jam
1462 3489 1502 3552 ab
1524 3491 1655 3552 ineunte
1680 3499 1786 3552 aetate
1809 3489 1857 3552 his
1879 3485 1990 3553 studiis

148 3613 229 3672 miro
252 3606 390 3693 quodam
414 3630 524 3673 amore
546 3621 614 3673 erat
634 3607 773 3686 deditus,
805 3609 945 3673 nobilem
975 3609 1057 3682 illam
1081 3608 1112 3672 V
1114 3609 1249 3672 illoisoni
1281 3607 1454 3672 editionem
1482 3606 1720 3692 diligentissime
1743 3607 1988 3692 doctissimeque

149 3701 383 3814 perscrutatus,
407 3728 666 3812 Prolegomenon
684 3731 704 3806 1)
727 3727 807 3791 libro
831 3727 860 3791 id
883 3729 940 3792 sibi
964 3747 1119 3810 quaerere
1142 3730 1377 3812 proposuisset,
1411 3727 1481 3790 llias
1503 3737 1535 3790 et
1559 3725 1705 3810 Odyssea
1728 3738 1836 3791 utrum
1858 3729 1899 3791 ab
1923 3749 1989 3792 uuo

147 3849 255 3930 aliquo
277 3857 388 3930 poeta,
419 3867 461 3910 an
484 3869 502 3909 a
525 3847 742 3930 compluribus
771 3849 875 3928 poetis
902 3857 1009 3910 essent
1032 3848 1193 3930 perlectae
1215 3847 1495 3930 probavissetque‚
1531 3849 1563 3909 in
1595 3849 1690 3911 unius
1725 3847 1859 3910 Homeri
1881 3847 1988 3910 locum

148 3967 254 4050 plures
277 3963 477 4030 sufficiendos
500 3987 572 4030 esse
594 3976 724 4049 poetas,
749 3967 866 4030 lactum
888 3977 952 4040 est,
976 3977 1010 4029 ut
1034 3965 1117 4028 oculi
1140 3943 1285 4028 omnium
1301 3967 1343 4028 ita
1360 3967 1391 4027 in
1407 3966 1488 4028 hanc
1507 3969 1730 4048 quaestionem
1746 3967 1987 4047 conjicerentur,

148 4087 202 4146 vix
226 4094 260 4147 ut
283 4084 345 4148 ulla
369 4083 442 4148 inde
464 4084 505 4146 ab
528 4085 580 4148 illo
604 4096 751 4168 tempore
767 4085 839 4169 plus
856 4083 948 4149 studii
964 4083 1143 4148 desiderare
1163 4083 1399 4169 doctorumque
1414 4085 1581 4148 hominum
1601 4087 1727 4168 ingenia
1749 4083 1790 4148 ad
1812 4085 1987 4169 periculum

150 4207 197 4267 sui
220 4203 397 4268 laciendum
423 4202 583 4267 videretur
607 4205 828 4267 vehementius
851 4207 1002 4268 excitare.

248 4321 299 4385 Ac
321 4321 463 4415 Wolfius
487 4320 613 4404 quidem
643 4325 710 4407 ipse
733 4341 927 4404 quamquam
956 4325 1077 4406 primus
1107 4325 1329 4405 quaestionem
1353 4322 1451 4399 illam,
1487 4325 1519 4386 in
1553 4343 1616 4406 qua
1640 4334 1689 4388 tot
1712 4345 1753 4387 ex
1777 4345 1817 4388 eo
1840 4336 1988 4410 tempore

145 4442 291 4505 homines
314 4443 468 4524 ingeniosi
484 4452 517 4504 et
533 4443 667 4504 exerciti
690 4452 765 4503 sunt
781 4451 813 4504 et
830 4440 925 4505 hodie
941 4453 1149 4518 exercentur,
1174 4445 1343 4527 proposuit
1359 4453 1391 4505 et
1408 4444 1573 4506 constituit
1589 4444 1741 4525 lecitque,
1766 4454 1800 4507 ut
1824 4443 1987 4526 vulgatam

143 4580 413 4643 communemque
436 4563 636 4644 opinionem,
659 4563 795 4624 carmina
818 4561 979 4625 homerica
1001 4562 1041 4624 ab
1064 4582 1130 4625 uno
1153 4560 1334 4645 eodemque
1356 4573 1454 4647 poeta
1476 4583 1548 4624 esse
1570 4564 1764 4644 composita,
1795 4582 1861 4626 non
1888 4559 1986 4625 modo

145 4681 425 4743 vehementissime
447 4681 667 4756 labefactaret,
691 4677 747 4742 sed
770 4699 874 4764 paene
896 4679 1035 4745 funditus
1058 4680 1199 4758 tolleret,
1224 4702 1290 4744 non
1314 4692 1422 4745 tamen
1439 4702 1480 4742 eo
1496 4699 1687 4764 progressus
1709 4691 1775 4757 est,
1798 4691 1834 4744 ut
1857 4681 1986 4763 quibus·

144 4819 218 4862 nam
241 4819 283 4860 ex
307 4798 519 4882 singularibus
542 4801 703 4862 variorum
726 4809 835 4861 vatum
858 4801 1048 4866 carminibus
1065 4799 1136 4864 Ilias
1152 4809 1262 4864 nostra
1278 4810 1333 4863 aut
1350 4797 1495 4882 Odyssea
1518 4809 1588 4862 orta
1612 4809 1698 4862 esset
1720 4809 1818 4881 atque
1840 4799 1986 4877 conflata,

143 4913 425 4980 demonstrandum
449 4920 634 5001 susciperet.

245 5221 265 5290 ¹)
283 5223 466 5286 Prolegomena
485 5223 517 5272 ad
536 5224 675 5273 Homerum
695 5239 715 5272 a.
738 5232 802 5282 1795
821 5223 889 5272 Helis
909 5227 1044 5273 Saxonum.
