4528 5820
1202 468 1219 517 2

1030 541 1387 552 ---—-—--——-—-.-—--..

388 657 478 719 Hanc
501 676 569 718 rem
593 665 706 740 postea
731 653 987 720 commodissime
1004 657 1038 718 C.
1057 657 1281 720 Lachmaunus
1304 670 1491 742 persecutus
1515 670 1565 723 est
1587 681 1627 724 eo
1651 661 1745 738 libro,
1771 664 1825 744 qui
1848 663 2131 747 „Betrachtungen

284 777 364 839 tiber
387 776 525 838 Homers
549 773 618 838 Ilias
628 781 646 806 “
669 776 856 838 inscribitur.
877 776 898 856 ¹)
932 777 994 855 Qui
1023 787 1195 859 postquam
1224 797 1341 860 magna
1364 798 1436 841 cum
1459 776 1602 842 doctrina
1625 791 1656 843 et
1680 801 1805 844 summa
1836 783 1952 865 ingenii
1976 804 2039 866 qua
2061 797 2130 848 erat

285 899 458 959 instructus
481 897 651 977 sagacitate
675 916 791 971 poema
814 893 901 977 quod
924 905 973 958 est
995 892 1035 957 de
1058 893 1258 978 Nibelungis,
1288 898 1378 978 cujus
1408 906 1556 960 naturam
1578 901 1707 981 penitus
1731 903 1936 983 perspexisse
1960 904 2018 965 sibi
2044 905 2130 966 visus

283 1025 349 1090 est,
374 1017 404 1077 in
429 1016 537 1097 viginti
555 1016 692 1077 carmina
708 1011 860 1095 divisit),
884 1033 947 1096 qua
962 1014 1001 1077 ibi
1019 1016 1143 1077 ratione
1158 1034 1236 1078 usus
1259 1026 1342 1090 erat,
1367 1014 1501 1078 eandem
1521 1019 1552 1079 in
1571 1017 1703 1081 Homeri
1720 1022 1910 1100 carminibus
1927 1020 2129 1084 excutiendis

284 1132 432 1197 adhibere
456 1153 522 1196 non
546 1131 711 1196 dubitavit.
757 1131 840 1194 Cum
863 1135 948 1195 enim
972 1135 1193 1214 cognovisset,
1223 1137 1330 1218 omnia
1359 1137 1503 1198 omnium
1534 1137 1727 1220 populorum
1750 1127 2130 1222 carminaT·antiquissi111a

284 1273 351 1316 non
384 1252 528 1316 ellecisse
553 1255 619 1334 jam
650 1253 690 1314 ab
720 1253 809 1314 initio
844 1253 991 1332 „majora
1026 1254 1115 1334 quasi
1151 1260 1321 1335 corpora“‚
1352 1251 1408 1326 sed
1439 1275 1482 1315 ex
1512 1257 1686 1319 minoribus
1721 1260 1880 1340 variisque
1915 1259 2127 1342 complurium

285 1382 454 1457 poetarum
487 1372 677 1434 carminibus
712 1371 863 1454 paulatim
897 1390 968 1432 esse
997 1380 1068 1433 orta
1095 1380 1192 1452 atque
1220 1382 1382 1448 concreta,
1419 1369 1519 1435 iliadis
1554 1392 1685 1456 quoque
1719 1377 1857 1438 carmina
1886 1379 1997 1468 ¹nativa
2031 1387 2129 1459 atque

283 1493 424 1576 genuina
458 1493 650 1572 investigare
683 1501 817 1554 conatus
851 1500 899 1552 est
933 1509 1036 1572 eaque
1059 1488 1124 1552 duo
1153 1487 1192 1551 de
1219 1491 1328 1572 viginti
1351 1491 1448 1553 luisse
1471 1493 1590 1553 statuit.
1635 1492 1727 1572 Quae
1749 1491 1945 1572 Lachmanni
1970 1497 2127 1558 sententia

284 1632 357 1674 cum
373 1611 622 1694 pmcrebuisset,
647 1609 715 1673 fieri
730 1629 796 1671 non
813 1611 934 1692 potuit,
959 1611 1034 1690 quin
1057 1609 1224 1671 hominum
1249 1606 1417 1672 doctorum
1433 1611 1528 1671 animi
1544 1611 1825 1674 vehementissime
1848 1594 2124 1712 pepnroverentur.

286 1733 395 1814 thue
418 1732 560 1806 luerunt,
585 1733 638 1812 qui
661 1751 733 1792 eam
756 1731 963 1804 sententiam,
994 1748 1056 1810 qua
1088 1728 1162 1791 nihil
1192 1725 1353 1790 videretur
1376 1749 1446 1790 esse
1469 1731 1697 1811 praestantius,
1726 1723 1928 1825 cupidissime
1950 1734 2127 1817 arriperent

284 1854 501 1934 acerrimeque
524 1847 746 1925 defenderent,
781 1850 824 1911 ita
857 1849 975 1930 reperti
1010 1856 1085 1909 sunt
1118 1846 1223 1922 multi,
1260 1848 1313 1928 qui
1341 1868 1375 1908 se
1404 1849 1444 1910 ab
1473 1850 1677 1930 opinionibus
1705 1853 1770 1913 suis
1798 1870 1877 1932 quas
1899 1849 2125 1915 adamaveram

285 1968 397 2032 deduci
427 1990 523 2052 aegre
551 1970 689 2032 serentes
723 1988 794 2030 eam
828 1965 1108 2033 vehementissime
1143 1966 1360 2048 improbarent
1393 1974 1491 2048 atque
1527 1969 1761 2049 impugnarent.
1807 1970 1961 2050 Quamvis
1991 1991 2069 2034 vero
2096 1974 2127 2033 in

284 2091 482 2154 Lachmanni
506 2098 767 2168 ceterorumque,
792 2088 845 2168 qui
868 2085 938 2166 ejus
963 2085 1101 2166 vestigiis
1124 2081 1354 2166 ingrediuntur,
1385 2081 1653 2167 disputationibus
1676 2105 1743 2149 non
1766 2107 1865 2170 pauca
1889 2091 1963 2151 mihi
1986 2088 2127 2172 cupidius

285 2230 381 2293 quam
411 2210 516 2270 verius
546 2209 651 2290 posita
674 2226 745 2268 esse
767 2202 943 2279 videantur,
974 2214 1082 2265 tamen
1105 2201 1144 2264 de
1167 2212 1236 2264 tota
1259 2222 1293 2264 re
1316 2213 1402 2264 recte
1425 2221 1500 2264 eum
1520 2202 1679 2284 judicasse
1702 2207 1923 2289 originemque
1951 2210 2126 2270 carminum

285 2329 521 2392 homericorum
544 2345 644 2387 unum
668 2325 812 2386 onmium
836 2325 975 2385 maxime
998 2322 1170 2384 illustrasse
1186 2340 1257 2383 cum
1275 2321 1434 2404 plerisque
1454 2341 1537 2384 nunc
1555 2321 1682 2405 quidem
1698 2296 1887 2407 persuasum
1910 2347 1981 2388 esse
2003 2336 2125 2409 putem,

285 2458 354 2511 tum
376 2467 443 2509 non
465 2443 602 2528 despero
625 2445 693 2506 lore
715 2439 888 2524 aliquando
922 2450 972 2516 ut,
1008 2459 1080 2502 cum
1103 2450 1134 2503 et
1157 2462 1175 2502 a
1198 2437 1386 2504 doctissimis
1417 2444 1492 2526 viris
1526 2443 1607 2504 hanc
1636 2464 1703 2506 rem
1735 2442 1971 2528 diligentissime
2000 2449 2125 2510 tractari

286 2565 464 2640 videamus,
489 2562 730 2646 quaestionibus
746 2560 803 2623 illis
819 2561 988 2622 homericis
1003 2561 1034 2621 in
1053 2556 1120 2621 dies
1137 2562 1312 2622 accuratius
1331 2561 1542 2644 subtiliusque
1558 2564 1764 2638 examinatis,
1785 2562 1937 2645 judicium
1953 2567 2126 2628 acutissimi

285 2687 342 2748 viri
366 2704 545 2766 eorumque
568 2684 620 2764 qui
644 2682 725 2743 hanc
748 2689 891 2742 nostram
921 2677 1050 2740 Iliadem
1072 2698 1139 2741 non
1162 2680 1202 2740 ab
1228 2698 1294 2741 uno
1317 2677 1497 2762 eodemque
1519 2691 1629 2764 poeta,
1661 2679 1717 2744 sed
1740 2705 1758 2744 a
1781 2683 1998 2766 compluribus
2022 2685 2126 2766 poetis

284 2823 391 2887 neque
414 2821 477 2866 una
499 2810 606 2864 aetate
629 2801 855 2883 compositam,
880 2797 1034 2860 Pisistrati
1057 2794 1187 2859 demum
1206 2817 1304 2880 opera
1322 2799 1352 2861 in
1369 2818 1442 2860 eum
1462 2818 1558 2880 quem
1581 2818 1666 2861 nunc
1689 2811 1777 2863 tenet
1801 2799 1945 2864 ordinem
1967 2800 2126 2864 redactam

286 2945 358 2993 esse
382 2922 509 2997 volunt,
533 2923 634 3004 magis
657 2921 821 3002 magisque
849 2917 1024 2980 stabiliatur
1046 2928 1079 2979 et
1101 2917 1315 2980 confirmetur.

388 3043 470 3104 Sunt
493 3041 635 3124 quidem,
660 3039 775 3120 quibus
799 3037 869 3100 llias
892 3056 1052 3099 summum
1086 3036 1301 3120 omnibusque
1334 3039 1474 3098 numeris
1504 3038 1688 3100 absolutum
1719 3041 1959 3122 compositionis
1983 3038 2127 3104 videatur

286 3183 358 3225 esse
372 3159 553 3234 artificium,
570 3156 657 3241 quod
674 3159 777 3219 enasci
795 3158 854 3219 nisi
870 3158 963 3218 unius
980 3175 1021 3217 ex
1039 3157 1154 3217 summi
1168 3164 1286 3238 poetae
1301 3157 1429 3238 ingenio
1444 3175 1510 3218 uon
1527 3159 1682 3238 potuerit,
1700 3159 1818 3239 quique
1834 3169 2018 3239 querantur,
2035 3157 2124 3240 quod

286 3285 381 3346 critici
405 3283 455 3344 isti
478 3281 575 3342 nimio
600 3279 748 3340 nimirum
771 3287 868 3357 atque
891 3275 1029 3338 molesto
1053 3272 1253 3357 vituperandi
1276 3271 1380 3337 studio
1405 3272 1502 3351 ducti,
1527 3277 1580 3356 qui
1605 3286 1635 3337 et
1660 3278 1718 3358 ipsi
1741 3274 1825 3338 haud
1847 3297 1919 3339 raro
1934 3276 1985 3340 alii
2003 3279 2043 3339 ab
2060 3279 2126 3340 aliis

286 3403 346 3464 hac
369 3399 409 3464 de
432 3421 467 3462 re
490 3401 520 3462 in
544 3396 811 3480 disputationibus
834 3397 899 3457 suis
922 3392 1126 3470 dissentiant,
1149 3393 1333 3456 absolutum
1357 3391 1432 3456 illud
1451 3403 1482 3455 et
1498 3395 1676 3476 perlectum
1699 3398 1805 3478 poesis
1829 3399 1937 3478 epicae
1960 3397 2127 3479 exemplar

286 3540 353 3583 non
376 3519 480 3583 solum
504 3518 765 3592 extenuaverint,
796 3512 852 3577 sed
876 3515 941 3578 fere
964 3523 1070 3579 totum
1093 3512 1277 3577 deleverint.
1325 3512 1369 3574 ht
1393 3515 1499 3576 nescio
1523 3511 1598 3595 quid
1622 3515 1657 3576 iis
1678 3517 1768 3598 ipsis,
1803 3517 1857 3597 qui
1891 3513 2045 3595 ejusmodi
2070 3518 2126 3578 cri-

287 3639 516 3702 minationibus
539 3639 571 3700 in
593 3634 792 3720 adversarios
815 3643 955 3715 utantur,
990 3632 1194 3697 tribuendum
1217 3634 1271 3707 sit,
1300 3633 1353 3712 qui
1381 3641 1505 3693 tantum
1529 3633 1635 3708 abest,
1665 3642 1700 3694 ut
1723 3635 1755 3695 in
1778 3636 1963 3710 gravissima
1986 3633 2034 3697 illa
2059 3637 2126 3716 qui-

286 3755 359 3820 dem
382 3759 563 3820 criticorum
586 3751 881 3818 Alexandrinorum
905 3754 1093 3816 auctoritate
1116 3764 1213 3835 atque
1234 3749 1352 3834 judicio
1376 3753 1593 3834 acquiescant,
1628 3762 1663 3815 ut
1698 3762 1730 3815 et
1764 3755 1821 3836 ipsi
1850 3754 1956 3816 multis
1985 3754 2061 3817 locis
2084 3753 2124 3817 ad

286 3876 550 3960 interpolationes
574 3875 758 3956 confugiant
781 3883 813 3934 et
836 3873 955 3935 multos
979 3869 1104 3934 deleant
1127 3893 1248 3934 versus.

388 3993 451 4058 Sed
473 3996 551 4057 haec
573 3991 700 4076 quidem
723 3994 885 4054 hactenus.
929 3989 1042 4074 Neque
1066 3994 1150 4054 enim
1172 3992 1247 4054 mihi
1270 3994 1301 4054 in
1324 3995 1431 4054 animo
1455 4003 1518 4068 est,
1543 4012 1626 4074 quae
1649 4014 1666 4054 a
1690 3989 1790 4054 doctis
1815 3993 1886 4054 viris
1910 3993 1967 4054 hac
1990 3991 2028 4054 de
2044 4014 2079 4055 re
2093 3995 2125 4056 in

286 4126 456 4198 utramque
479 4123 602 4198 partem
625 4109 784 4194 disputata
806 4108 960 4190 sunt‚,de
982 4113 1018 4174 iis
1041 4112 1088 4173 hic
1110 4113 1272 4194 copiosius
1295 4109 1465 4187 disserere,
1490 4132 1548 4174 nec
1570 4109 1644 4174 illud
1660 4111 1735 4174 mihi
1755 4112 1929 4193 arrogabo,
1953 4133 2005 4173 me
2029 4132 2126 4194 posse

286 4255 354 4300 rem
377 4245 514 4310 tantam,
544 4241 593 4296 tot
623 4233 848 4295 controversiis
883 4230 1075 4312 implicatam
1099 4234 1174 4294 satis
1198 4230 1366 4294 commode
1388 4229 1622 4294 demonstrare:
1658 4229 1687 4294 id
1713 4249 1817 4312 neque
1840 4233 1902 4294 mei
1926 4233 2042 4314 ingenii
2066 4241 2125 4308 est,

286 4374 393 4436 neque
415 4356 496 4416 ratio
518 4353 614 4435 hujus
635 4350 857 4434 disputationis
881 4351 1030 4434 postulat.
1076 4349 1181 4412 Unam
1204 4360 1328 4413 tantum
1359 4353 1459 4415 totius
1493 4353 1686 4434 quaestionis
1720 4352 1899 4413 homericae
1933 4371 2127 4433 expromam

287 4472 488 4558 particulam,
513 4471 553 4534 de
576 4491 636 4554 qua
661 4469 836 4555 disputem,
860 4490 924 4532 non
947 4489 1013 4553 quo
1037 4490 1148 4531 verum
1166 4491 1184 4531 a
1202 4473 1314 4532 ceteris
1337 4491 1403 4534 non
1426 4474 1592 4534 inventum
1616 4490 1678 4553 ego
1702 4472 1904 4553 potissimum
1921 4470 1995 4532 mihi
2017 4468 2127 4532 videar

285 4589 546 4676 deprehendisse,
570 4589 626 4654 sed
650 4594 722 4674 quia
746 4593 968 4674 quaestionem
990 4591 1072 4651 hanc
1094 4609 1160 4651 non
1185 4587 1344 4672 indignam
1368 4589 1466 4667 duco,
1491 4593 1609 4670 inqua
1634 4591 1698 4651 veri
1723 4585 1931 4672 investigandi
1952 4608 2045 4651 causa
2063 4589 2126 4651 ela-

287 4714 438 4776 boremus
462 4709 668 4794 studiumque
691 4711 901 4787 collocemus,
925 4711 1048 4772 etiamsi
1071 4705 1157 4790 quod
1181 4708 1314 4771 velimus
1337 4711 1464 4792 assequi
1487 4729 1554 4772 non
1578 4710 1747 4792 possimus.

392 4969 411 5036 ¹)
429 4971 500 5019 Duae
519 4969 671 5019 Laclunanni
691 4970 722 5017 de
741 4969 787 5018 hac
806 4982 831 5015 re
850 4966 1028 5029 disputationes
1041 4965 1064 5014 in
1077 4964 1204 5014 academia
1219 4963 1371 5014 Berolinensi
1384 4981 1406 5012 a.
1423 4966 1484 5023 1837
1498 4971 1523 5014 et
1538 4966 1597 5022 1841
1619 4943 1710 5018 lectae.
1731 4965 1815 5029 paucis
1829 4964 2000 5012 additamentis
2014 4963 2128 5014 hlauricii

287 5073 387 5137 Hauptii
405 5078 493 5122 auctae
511 5077 574 5120 eta.
598 5072 660 5128 1847
680 5071 787 5119 Berolini
805 5069 917 5132 prolatae
935 5073 1000 5116 sunt.

389 5176 411 5240 ²)
430 5177 467 5224 Zu
486 5175 533 5223 den
553 5175 715 5235 Nihelungen.
735 5173 816 5220 Berlin
838 5173 907 5228 1836.
