4528 5820
1150 417 1172 482 4

241 609 416 696 quandam,
441 611 559 694 inqua
582 611 657 674 satis
680 626 832 692 magnum
855 618 904 673 est
926 617 1142 686 momentum,
1162 610 1252 691 justo
1274 610 1405 672 minoris
1427 610 1620 673 aestimasse.
1658 607 1740 674 Nam
1762 609 1984 688 Aristarchus,
2007 632 2082 677 cum

242 852 340 913 vitate
363 857 395 911 et
418 845 584 912 dulcedine
607 845 764 911 delenitus
793 866 860 910 non
888 846 978 910 facile
1000 847 1040 910 ab
1063 849 1169 911 animo
1195 848 1366 931 impetrare
1388 848 1509 931 potuit,
1541 856 1577 911 ut
1611 866 1707 931 quam
1735 848 1936 933 rhapsodiam
1958 851 2082 936 aliquot

241 969 438 1034 athetesibus
459 969 492 1031 in
515 969 674 1050 integrum
696 987 792 1051 posse
815 967 939 1030 restitui
960 967 1176 1042 arbitraretur,
1200 986 1271 1030 eam
1287 966 1430 1047 rejiceret
1446 970 1577 1030 totam.“
1596 966 1619 1049 ¹)
1652 965 1736 1048 Quid
1758 968 1873 1050 igitur?
1897 971 2080 1055 vituperan-

241 1089 342 1154 dusne
364 1086 480 1152 idcirco
504 1085 728 1150 Aristarchus?
762 1083 838 1148 Mihi
860 1082 989 1168 quidem
1011 1105 1079 1149 non
1101 1083 1235 1149 videtur.
1270 1083 1373 1167 Quid?
1396 1083 1483 1168 quod
1500 1106 1541 1149 ne
1556 1095 1666 1176 nostra
1682 1085 1809 1170 quidem
1829 1097 1935 1152 aetate
1951 1087 2080 1168 desunt,

242 1212 296 1293 qui
318 1228 379 1272 nos
400 1207 460 1271 hac
482 1203 652 1290 rhapsodia
680 1224 812 1289 prorsus
838 1224 946 1268 carere
967 1224 1036 1267 non
1057 1224 1155 1289 posse
1176 1201 1371 1268 contendant
1393 1224 1531 1287 eamque
1552 1215 1685 1289 propter
1707 1205 1773 1270 illas
1795 1209 1904 1270 nescio
1927 1227 2008 1290 quas
2031 1230 2080 1272 ra·

241 1331 346 1393 tiones
369 1327 557 1390 aestheticas
584 1326 671 1387 omni
693 1321 792 1387 modo
820 1320 971 1387 tuendam
992 1344 1065 1386 esse
1087 1331 1238 1386 statuant.
1274 1321 1410 1387 Poetam
1432 1326 1517 1387 enim
1541 1326 1572 1390 in
1595 1323 1820 1408 componenda
1842 1325 1936 1390 Iliade
1959 1347 2026 1390 non
2048 1326 2080 1392 id

242 1457 369 1512 tantum
392 1455 554 1530 spectasse
576 1443 709 1521 volunt,
742 1452 779 1506 ut
807 1440 1004 1526 probabilem
1032 1441 1200 1506 exhiberet
1227 1445 1391 1507 actionum
1413 1444 1527 1506 seriem
1549 1453 1647 1526 atque
1669 1447 1922 1523 connexionem,
1958 1445 2016 1510 sed
2041 1457 2079 1510 ut

241 1573 439 1651 proponeret
461 1563 551 1646 quasi
574 1562 737 1646 speculum
761 1558 924 1645 quoddam
947 1562 1031 1624 vitae
1053 1561 1211 1624 humanae
1233 1559 1273 1625 ad
1294 1558 1499 1626 delectandos
1519 1583 1587 1626 non
1609 1567 1710 1647 magis
1732 1563 1916 1629 auditorum
1942 1568 2077 1644 animos,

242 1705 339 1768 quam
361 1683 402 1748 ad
424 1679 601 1746 movendos
624 1691 722 1764 atque
743 1677 923 1744 monendos
951 1689 1179 1764 comparatum.
1224 1679 1337 1763 ltaque
1364 1701 1405 1744 eo
1433 1701 1508 1745 eum
1541 1682 1686 1746 retulisse
1715 1686 1838 1761 omnia,
1873 1694 1909 1747 ut
1943 1685 2079 1749 heroum

242 1803 400 1888 exemplis
422 1802 569 1866 homines
591 1797 850 1876 admonerentur,
872 1819 956 1882 quae
977 1808 1063 1862 esset
1084 1799 1289 1864 humanitatis
1311 1797 1466 1877 conditio,
1495 1802 1549 1883 qui
1580 1799 1694 1864 modus
1716 1803 1748 1865 in
1770 1803 1882 1880 rebus,
1911 1806 1965 1886 qui
1987 1804 2078 1882 fines,

242 1943 325 2007 quos
349 1920 456 2006 egredi
480 1921 661 1985 hominibus
682 1939 749 1983 non
771 1918 891 1983 liceret:
917 1920 967 1982 cui
990 1917 1122 1998 consilio
1139 1936 1212 1982 cum
1229 1928 1350 1997 cetera,
1373 1929 1442 1982 tum
1458 1917 1590 1983 Achillis
1605 1940 1778 2004 personam
1796 1923 1937 1986 maxime
1956 1943 2079 1987 accom-

242 2040 404 2105 modatam
426 2061 506 2104 esse.
541 2038 683 2122 Proponi
705 2040 800 2122 igitur
823 2058 897 2102 eum
919 2040 1009 2103 initio
1032 2035 1159 2121 quidem
1180 2036 1264 2101 illata
1286 2039 1344 2101 sibi
1366 2039 1407 2102 ab
1431 2037 1677 2122 Agamemnone
1694 2041 1808 2122 injuria
1830 2061 1897 2104 non
1919 2025 2078 2107 immerito

242 2165 374 2229 iratum:
397 2179 477 2223 mox
492 2177 564 2222 cum
579 2154 713 2220 modum
729 2157 761 2219 in
777 2157 821 2220 ira
836 2158 1011 2220 excesserit
1026 2165 1059 2219 et
1074 2153 1244 2221 adversarii
1264 2157 1510 2221 satisfactionem
1528 2161 1730 2241 pertinaciter
1751 2163 1923 2244 respuerit,
1947 2181 2079 2244 gravem

244 2284 350 2366 ipsum
376 2278 500 2362 culpam
529 2276 731 2340 contrahere:
756 2295 852 2358 quam
879 2297 920 2338 eo
947 2274 1016 2339 fieri
1048 2276 1243 2358 graviorem,
1277 2273 1363 2360 quod
1391 2278 1423 2340 in
1450 2296 1576 2340 summo
1603 2297 1711 2341 rerum
1739 2275 1915 2342 discrimine
1937 2281 2079 2344 nonnihil

243 2401 386 2483 quidem,
409 2416 515 2479 neque
538 2405 646 2459 tamen
669 2404 825 2479 quantum
849 2383 1007 2472 debuerit,
1031 2391 1071 2458 de
1093 2395 1263 2478 pertinacia
1285 2397 1434 2459 remittat.
1468 2396 1687 2478 Quamobrem
1708 2417 1787 2460 mox
1803 2399 1831 2461 ei
1847 2419 1986 2482 poenam
2001 2401 2078 2463 irro-

243 2521 310 2602 gari
333 2518 520 2601 gravissimo
543 2516 602 2598 ipsi
624 2513 756 2577 vulnere
778 2512 915 2578 Patrocli
937 2522 1041 2577 morte
1064 2512 1198 2590 inflict0,
1225 2511 1266 2576 ad
1295 2532 1391 2596 quam
1422 2513 1633 2580 ulciscendam
1655 2536 1728 2580 cum
1750 2519 1866 2580 iterum
1893 2538 1989 2602 supra
2011 2539 2078 2582 mo-

244 2637 320 2702 dum
342 2639 373 2700 in
397 2635 465 2717 ejus
488 2634 724 2698 interfectorem
746 2635 907 2709 saevierit,
930 2641 1096 2716 postremo
1121 2640 1229 2694 tamen
1247 2630 1382 2695 deorum
1403 2635 1547 2716 ipsorum
1570 2632 1787 2698 admonitione
1800 2617 1980 2720 Priamique
1994 2638 2078 2700 senis

242 2758 390 2841 precibus
412 2751 452 2818 ad
474 2751 725 2817 moderationem
749 2761 781 2814 et
804 2753 1032 2816 continentiam
1053 2751 1277 2835 humanaeque
1299 2753 1395 2816 sortis
1417 2749 1674 2818 recordationem
1696 2758 1848 2818 revocari.
1868 2756 1895 2833 ²)

345 2873 416 2958 Jam
440 2892 517 2935 vero
539 2864 704 2935 audiamus
732 2868 895 2954 quomodo
918 2870 959 2934 H.
983 2869 1203 2948 Duentzerus‚
1234 2871 1282 2933 vir
1307 2868 1420 2934 doctus
1443 2872 1475 2934 in
1496 2873 1619 2955 primis,
1649 2873 1729 2936 hanc
1749 2871 1950 2957 rhapsodiam
1973 2871 2079 2937 defen·

243 2994 318 3059 dere
333 2989 475 3068 studeat,
498 3011 571 3055 cum
594 3001 703 3055 contra
719 2992 917 3074 Geppertum
939 2992 992 3073 qui
1014 2989 1089 3054 nihil
1112 2991 1273 3072 antiquius
1295 2990 1407 3054 habuit
1429 3009 1526 3075 quam
1548 2999 1584 3053 ut
1607 3000 1711 3054 totum
1734 2991 1819 3055 hunc
1839 2991 1953 3056 librum
1973 3015 1991 3056 a
2010 2995 2079 3057 rha-

244 3112 348 3199 psodo
376 3107 515 3176 absurdo
546 3113 699 3194 omnique
726 3110 843 3193 ingenii
859 3118 939 3200 arte
967 3107 1121 3172 destituto
1150 3111 1368 3192 compositum
1396 3130 1468 3174 esse
1490 3107 1698 3173 contenderet
1715 3110 1740 3194 ³)
1763 3113 1794 3174 in
1817 3112 1898 3175 hanc
1922 3114 1987 3176 fere
2009 3133 2080 3176 sen-

243 3234 375 3297 tentiam
398 3228 553 3314 disputet:
578 3229 739 3306 „Hectore
761 3229 868 3293 occiso
892 3226 1025 3292 Achillis
1047 3229 1126 3292 iram
1148 3225 1396 3312 haudquaquam
1418 3249 1490 3292 esse
1512 3232 1673 3308 satiatam,
1705 3250 1773 3294 non
1800 3229 1899 3295 modo
1929 3242 2080 3295 necatum

243 3354 381 3417 amicum
403 3371 475 3414 esse
498 3347 715 3434 sepeliendum
743 3346 888 3432 ludisque
916 3348 1102 3413 solennibus
1130 3350 1225 3412 funus
1253 3350 1323 3431 ejus
1351 3346 1530 3412 ornandum
1553 3349 1635 3434 (quo
1657 3352 1688 3413 in
1711 3349 1822 3414 funere
1843 3348 2009 3415 duodecim
2031 3371 2080 3415 ca·

243 3474 350 3557 ptivos
371 3470 549 3553 Trojanos,
573 3488 711 3552 quorum
733 3468 779 3532 rh.
808 3467 835 3534 Φ
859 3480 898 3546 27
921 3487 990 3552 sqq.
1022 3469 1053 3533 Ψ
1069 3482 1108 3532 22
1131 3487 1200 3552 sqq.
1219 3470 1343 3532 mentio
1365 3469 1406 3532 sit
1427 3468 1523 3544 facta,
1546 3489 1619 3532 esse
1641 3466 1881 3552 immolandos),
1905 3468 1961 3534 sed
1983 3473 2080 3535 etiam

243 3591 455 3656 interfectoris
477 3609 592 3674 corpus
621 3610 673 3667 ea,
704 3609 800 3673 quam
828 3588 971 3652 Achilles
993 3588 1052 3672 (rh.
1076 3591 1108 3654 X
1126 3599 1189 3668 335
1212 3607 1264 3672 sq,
1287 3587 1365 3671 354)
1388 3591 1527 3653 minatus
1550 3590 1604 3660 sit,
1634 3589 1827 3654 contumelia
1848 3611 1920 3654 esse
1942 3590 2078 3653 afficien-

243 3710 328 3776 dum.
363 3709 415 3774 Ac
436 3730 478 3773 ne
500 3719 569 3772 tum
597 3707 726 3792 quidem
747 3707 875 3772 Iliadem
891 3716 966 3791 apte
981 3707 1061 3771 finiri
1077 3728 1182 3792 posse.
1217 3707 1413 3791 Repugnare
1433 3709 1518 3772 enim
1539 3707 1662 3790 legibus
1685 3709 1760 3772 artis
1782 3711 1928 3792 poeticae
1951 3728 2079 3772 carmen

244 3831 405 3894 terminari
427 3830 535 3892 animo
557 3827 704 3905 Achillis,
733 3830 787 3910 qui
814 3824 982 3891 ulciscendi
1009 3825 1229 3911 cupidissimus
1262 3828 1317 3904 sit,
1350 3847 1419 3890 non
1453 3826 1592 3912 placato,
1626 3846 1693 3890 non
1714 3848 1811 3912 posse
1833 3829 2007 3892 subsistere
2030 3826 2078 3891 lli·

244 3946 335 4013 adem
358 3951 390 4013 in
411 3949 593 4012 miserrimis
615 3946 672 4010 illis
695 3947 989 4026 lamentationibus,
1023 3966 1106 4030 quae
1127 3944 1167 4010 de
1189 3946 1340 4010 Hectoris
1370 3943 1466 4010 caede
1493 3944 1640 4010 eduntur.
1675 3946 1780 4028 Quem
1805 3947 1845 4011 ibi
1867 3968 1938 4011 esse
1960 3947 2077 4011 finem?

244 4088 340 4153 quam
363 4067 598 4132 absolutionem
621 4066 913 4150 perfectionemque
934 4065 1084 4131 ultionis?
1118 4065 1198 4130 Eam
1221 4067 1355 4130 inveniri
1379 4068 1412 4130 in
1426 4066 1484 4130 hac
1500 4064 1682 4151 rhapsodia,
1706 4069 1738 4130 in
1760 4087 1824 4150 qua
1845 4066 2001 4144 Achilles,
2024 4069 2079 4151 qui

242 4189 309 4270 jam
331 4188 495 4271 cognitum
516 4186 647 4262 habeat,
678 4205 720 4248 ne
748 4187 794 4249 ira
815 4184 945 4270 quidem
966 4188 1096 4271 expiata
1117 4188 1260 4250 animum
1282 4205 1380 4270 posse
1400 4185 1609 4262 reconciliari,
1644 4186 1698 4249 fati
1724 4187 1949 4250 necessitatem
1972 4205 2078 4270 aequo

348 4407 369 4478 ¹)
385 4409 481 4460 ibidem.

348 4513 369 4579 ²)
387 4512 494 4562 blitzsch.
530 4512 579 4562 Die
602 4511 769 4576 Sagenpoesie
787 4511 832 4561 der
850 4511 974 4562 Griechen
999 4511 1100 4561 loitiscb
1126 4509 1274 4574 dargestellt
1302 4510 1348 4561 Bd.
1376 4512 1394 4562 1.
1426 4511 1474 4561 Die
1497 4511 1655 4562 homerische
1683 4511 1866 4574 Kunstepopbe
1892 4511 1916 4559 in
1942 4510 2079 4560 nationaler

244 4617 364 4672 Theorie,
381 4616 575 4678 Braunschweig
595 4615 665 4674 1852.

347 4719 389 4768 cfr.
411 4717 472 4769 Otfr.
492 4717 586 4768 Miller.
619 4716 769 4767 Geschichte
787 4716 810 4766 d.
829 4731 863 4780 gr.
882 4716 929 4766 Lit
949 4716 968 4766 l.
986 4723 1020 4774 97
1047 4715 1103 4772 „Es
1120 4715 1152 4764 ist
1168 4715 1232 4771 klar,
1260 4716 1318 4766 dass
1343 4716 1440 4766 Homer
1461 4721 1556 4766 erstens
1576 4713 1625 4764 den
1644 4714 1706 4766 Plan
1723 4712 1768 4764 der
1785 4713 1842 4764 llias
1860 4714 1904 4764 mit
1921 4713 1978 4763 dem
1995 4713 2079 4762 vollen

243 4822 411 4875 Bewusstsein
429 4819 543 4875 entwarf‚
563 4819 621 4869 dass
640 4819 685 4868 der
702 4819 769 4870 Zom
787 4819 831 4868 des
849 4818 960 4868 Achilles
978 4833 1055 4882 gegen
1072 4819 1170 4870 Hektor
1187 4817 1271 4881 irgend
1289 4818 1343 4867 eine
1360 4817 1510 4882 Milderung,
1529 4818 1583 4867 eine
1600 4817 1766 4879 Versbhnung
1784 4816 1888 4866 bedbrfe
1905 4815 1957 4866 und
1975 4815 2020 4864 das
2038 4831 2078 4864 am

243 4926 315 4977 Ende
333 4926 378 4976 des
397 4923 516 4976 Gedichts
534 4922 572 4972 fur
590 4923 638 4972 den
656 4922 754 4973 Helden
771 4922 820 4970 wie
836 4921 875 4972 fiir
891 4921 941 4970 den
957 4921 1063 4971 Dichter
1080 4921 1134 4980 eine
1151 4919 1230 4970 sanite
1253 4919 1305 4970 und
1329 4921 1497 4972 menschliche
1525 4920 1788 4982 Gemttthsstimmung.
1821 4919 1917 4970 welche
1940 4919 1983 4969 mit
2005 4919 2079 4969 Rube

245 5028 285 5079 die
302 5027 412 5079 Zukunh
429 5031 554 5081 erwartet,
575 5024 735 5075 erfordcrlich
753 5023 813 5072 sei.·‘

346 5128 369 5197 ³)
388 5131 511 5194 Geppert:
529 5129 591 5178 uber
608 5128 657 5178 den
675 5127 803 5192 Ursprung
821 5124 866 5175 der
883 5124 1058 5176 homerischen
1076 5127 1195 5188 Geslnge.
1224 5126 1326 5192 Leipzig
1347 5126 1418 5184 1840.
