4528 5820
1066 439 1105 506 13

143 629 287 710 dicium,
309 652 328 694 a
350 632 596 709 recentioribus,
620 629 708 713 quod
724 629 852 713 quidem
868 649 931 714 ego
946 632 1159 706 meminerim,
1180 632 1329 694 onmibus
1343 628 1604 713 comprobatum,
1628 629 1703 691 mihi
1719 647 1850 711 quoque
1862 629 1998 693 rectissi-

142 770 244 816 mum
260 748 389 814 videtur
406 771 486 814 esse.
509 748 647 832 Quodsi
664 753 707 814 ita
723 758 788 827 est,
812 749 861 813 hic
875 768 960 812 unus
976 746 1078 812 Iliadis
1097 757 1197 812 restat
1219 748 1323 825 locus,
1346 768 1412 832 quo
1431 731 1562 812 dearum
1579 746 1700 812 illarum
1714 749 1858 811 nentium
1874 750 1996 812 mentio

140 869 181 933 fit
209 871 421 954 (quamquam
443 880 508 932 tam
531 889 628 954 saepe
655 868 723 932 fieri
756 878 884 954 poterat
912 877 1010 949 atque
1032 864 1114 930 adeo
1136 877 1205 931 erat
1227 867 1382 950 necesse).
1416 865 1563 930 Verbum
1596 887 1727 949 quoque
1761 864 1849 948 quod
1877 869 1908 930 in
1937 869 1994 931 hac

142 1009 182 1052 re
212 990 360 1073 usurpari
382 987 465 1052 solet
487 985 664 1065 ἐπικλώθω,
692 1006 795 1052 unum
818 989 844 1052 si
865 987 1032 1070 exceperis
1053 985 1175 1064 locum,
1209 988 1263 1068 qui
1291 996 1323 1050 et
1346 989 1416 1070 ipse
1436 987 1469 1049 in
1492 986 1551 1050 hac
1576 985 1680 1070 rhaps.
1705 993 1754 1050 est
1775 986 1853 1051 inlra
1876 1006 1905 1049 u.
1929 999 1993 1063 525

142 1107 198 1178 ὣς
224 1107 283 1193 γδο
312 1106 526 1172 ἐπεκλώσαντο
553 1106 620 1170 θεοὶ
650 1105 771 1172 δειλοῖσι
801 1106 1019 1192 βροτοῖσιν-
1045 1107 1078 1168 in
1100 1103 1196 1169 Iliade
1228 1124 1295 1170 non
1332 1101 1569 1188 deprehendes,
1614 1106 1740 1188 saepius
1757 1089 1805 1168 ‚in
1838 1102 1993 1190 Odyssea.

143 1225 282 1302 Confer,
317 1225 480 1310 si0placet
503 1248 532 1288 a.
556 1228 594 1291 17
615 1223 828 1290 ἐπεκλώσαντο
856 1223 932 1289 θεοί.
956 1247 982 1306 γ.
1006 1227 1072 1290 208
1094 1224 1270 1289 ἐπέκλωσαν
1292 1223 1368 1289 θεοί.
1391 1225 1408 1287 λ
1429 1226 1503 1292 139.
1526 1225 1547 1287 δ
1566 1227 1632 1290 208
1654 1215 1719 1310 ῷτε
1741 1224 1878 1311 Κρονίων
1903 1223 1996 1309 ὄλβον

142 1345 314 1431 ἐπικλώση.
337 1367 361 1408 π
379 1346 423 1408 64
445 1344 489 1414 ὣς
517 1344 577 1428 γοξο
607 1344 635 1408 οί
662 1341 833 1408 ἐπέκλωσεν
861 1345 936 1424 τοίγε
964 1343 1080 1427 δαίμων
1102 1343 1139 1406 al.
1164 1341 1257 1406 Unde
1286 1341 1361 1425 quid
1389 1345 1430 1406 sit
1458 1340 1729 1419 concludendum,
1758 1342 1843 1406 baud
1871 1342 1996 1411 difficile

142 1467 191 1528 sit
208 1463 379 1528 intellectu.
404 1462 556 1527 Ceterum
572 1471 661 1528 totus
673 1463 723 1526 hic
734 1463 826 1527 locus
845 1473 941 1526 cento
965 1471 1013 1526 est
1036 1462 1274 1546 conglutinatus
1296 1483 1353 1524 ex:
1389 1464 1494 1528 TMO
1511 1465 1607 1548 μοζοα
1626 1465 1758 1552 κραταιή
1779 1463 1808 1528 Υ
1817 1467 1879 1530 128
1902 1488 1995 1547 γιγνο-

140 1583 238 1669 μένῳ
256 1583 385 1670 ἐπένησε
401 1581 490 1669 λίνῳ,
512 1582 565 1645 θτε
583 1606 635 1667 μιν
658 1581 727 1646 τέκε
744 1582 848 1671 μη’τηρ
862 1582 894 1646 Σ
905 1584 972 1648 283
992 1581 1082 1652 κύνες
1101 1583 1190 1667 ἀργοὶ
1211 1579 1347 1658 ἔδονται,
1371 1606 1380 1645 ι
1402 1584 1447 1648 36
1461 1579 1621 1647 ἀπάνευθε
1637 1582 1763 1670 τοκήων.
1784 1583 1816 1648 Γ
1824 1586 1891 1650 429
1906 1585 1996 1671 ἀνδρὶ

143 1702 260 1787 aquei<
279 1703 436 1787 κρατερῷ.

254 1819 417 1884 Versuum
433 1822 487 1902 qui
503 1831 682 1901 sequuntur
706 1841 734 1882 v.
758 1832 800 1900 53
823 1818 1034 1886 Alexandrini
1060 1820 1248 1884 deleverunt
1276 1818 1393 1902 (Schol,
1416 1819 1484 1902 B.),
1514 1820 1641 1902 Kochly
1664 1830 1696 1883 et
1718 1821 1804 1884 hunc
1825 1831 1858 1884 et
1881 1842 1909 1884 v.
1935 1819 1996 1900 ab

144 1948 183 2002 at
207 1959 323 2002 causae
349 1958 429 2019 quas
452 1939 654 2022 protulerunt
677 1940 752 2002 mihi
775 1959 841 2002 non
864 1942 940 2004 satis
962 1959 1097 2023 magnae
1119 1949 1217 2021 atque
1240 1957 1355 2022 graves
1378 1937 1528 2004 videntur
1550 1961 1629 2002 esse.
1650 1939 1671 2022 ¹)

254 2056 408 2140 Legimus
431 2078 528 2142 porro
550 2060 582 2122 in
606 2079 625 2120 v
648 2062 691 2124 57
713 2060 789 2146 ὁμὴν
811 2057 926 2146 θήσετε
950 2059 1045 2145 τιμήν,
1080 2068 1112 2121 at
1144 2078 1304 2139 nusquam
1327 2057 1401 2121 alibi
1423 2055 1507 2142 apud
1530 2058 1709 2122 Homerum
1731 2061 1891 2124 iuvenitur
1914 2061 1998 2148 τιμὴν

148 2173 283 2252 τιθέναι,
305 2174 419 2240 dicitur
443 2177 526 2262 τιμὴν
549 2176 749 2259 ἐγγυαλίζειν,
772 2181 875 2262 πορεῖν
896 2177 951 2254 al,
975 2188 1030 2241 aut
1053 2175 1230 2241 ἐντίθεσθαι
1251 2178 1321 2262 τιμῇ
1342 2186 1378 2239 ut
1401 2177 1425 2241 Δ
1447 2178 1510 2256 410
1532 2176 1618 2263 ὁμοίη
1640 2173 1731 2241 ἔνθεο
1755 2180 1832 2264 τιμῇ.

255 2315 285 2358 v.
309 2296 354 2360 59
376 2313 422 2376 sq.
446 2292 604 2358 Iunonem
635 2295 684 2359 hic
707 2305 804 2379 poeta
839 2297 910 2360 lacit
946 2296 1136 2378 gloriantem
1159 2317 1194 2359 se
1215 2293 1386 2359 Thetidem
1409 2293 1565 2359 educasse
1599 2307 1696 2380 atque
1730 2295 1828 2361 Peleo
1860 2308 1997 2382 nuptum

147 2412 329 2477 collocasse
352 2433 530 2495 omnesque
553 2412 632 2478 deos
654 2414 712 2479 illis
735 2417 854 2498 nuptiis
876 2416 1070 2494 interfuisse,
1102 2413 1133 2478 id
1161 2412 1248 2497 quod
1270 2394 1432 2496 nusquam
1461 2425 1588 2497 praeter
1609 2416 1695 2478 hunc
1716 2416 1824 2480 locum
1846 2420 1879 2481 in
1902 2417 1997 2482 Iliade

147 2543 201 2596 est
225 2542 398 2596 narratum.
428 2534 481 2596 clr.
506 2553 610 2617 supra.

260 2649 296 2714 In
319 2671 414 2715 versu
441 2652 480 2715 61
513 2652 549 2723 ὃς
572 2650 639 2736 πέρι
665 2656 733 2739 κῆρι
761 2651 847 2737 φίλος
867 2651 972 2734 γένετο
995 2663 1027 2715 et
1050 2655 1081 2715 in
1105 2655 1277 2748 versuqui
1299 2664 1348 2716 est
1371 2654 1450 2716 inlra
1471 2666 1536 2732 423
1563 2652 1631 2716 ἐπεί
1654 2677 1706 2740 σφι
1735 2655 1823 2740 φίλος
1843 2656 1910 2743 πέρι
1931 2663 2000 2744 κῆρι

150 2807 196 2816 -
213 2775 281 2856 κῆρι
303 2773 445 2855 positum
467 2780 517 2834 est
539 2791 599 2855 pro
622 2769 732 2857 θυμῷ,
754 2770 842 2853 quod
859 2769 989 2853 quidem
1011 2770 1114 2834 multo
1136 2773 1283 2834 usitatius
1307 2781 1356 2834 est
1378 2783 1410 2834 et
1433 2774 1536 2836 tritius
1557 2773 1590 2836 in
1611 2773 1747 2836 lormula
1766 2773 1832 2837 illa:
1853 2800 1920 2860 μοι,
1945 2800 1999 2852 τοι,

150 2889 181 2952 oi
197 2888 283 2974 φίλον
299 2887 409 2953 ἔπλετο
425 2887 516 2975 θυμῷ
534 2908 640 2971 neque
663 2898 789 2973 praeter
809 2889 892 2952 hanc
914 2888 1082 2952 formulam
1098 2886 1273 2971 quidquam
1295 2889 1378 2954 solet
1400 2889 1488 2973 adjici
1510 2894 1569 2954 nisi
1593 2890 1678 2974 quod
1701 2893 1759 2955 hac
1780 2895 1812 2958 in
1829 2895 1998 2979 rhapsodia

152 3011 203 3072 bis
218 3028 268 3070 vv.
287 3008 350 3086 748
365 3021 397 3070 et
414 3007 476 3086 762
493 3008 609 3092 legitur
625 3007 692 3094 ἐμῷ
707 3008 781 3072 πολδ
799 3006 926 3094 φίλτατε
949 3007 1074 3083 παίδων,
1097 3027 1179 3089 quae
1203 3009 1301 3071 verba
1324 3006 1406 3074 dicta
1424 3020 1500 3074 sunt
1516 3009 1555 3074 ad
1571 3010 1804 3076 similitudinem
1822 3016 1997 3080 verborum

150 3127 222 3212 ἐμῷ
245 3125 446 3213 κεχοφισμένε
468 3125 569 3213 θυμῷ.

261 3265 291 3309 v.
314 3248 358 3310 62
381 3247 493 3316 πάντες
512 3240 540 3311 θ
542 3245 713 3310 ἀντιάασθε
734 3245 818 3310 leot.-
838 3264 1012 3327 nusquam,
1035 3245 1121 3332 hunc
1143 3248 1170 3310 si
1192 3249 1358 3330 exceperis
1381 3246 1500 3324 locum,
1526 3248 1613 3311 verbi
1634 3250 1749 3313 ἀντιόω
1770 3253 1913 3316 invenies
1936 3254 1997 3318 lor·

152 3384 239 3426 mam
264 3361 398 3427 mediam
418 3363 444 3446 ²)
474 3365 564 3428 verbi
591 3363 717 3450 ἄντομαι
745 3384 903 3446 nusquam
935 3364 1070 3428 sormam
1093 3367 1237 3428 activam.
1262 3363 1350 3428 Idem
1372 3364 1578 3430 statuendum
1601 3377 1649 3431 est
1673 3365 1713 3431 de
1737 3371 1836 3434 verbo
1858 3373 1996 3457 ίερεύειν,

152 3479 243 3563 quod
276 3484 375 3546 habes
402 3484 480 3546 infra
503 3485 533 3546 in
558 3503 586 3545 v.
614 3497 683 3560 125.
719 3483 848 3546 Etenim
879 3482 966 3546 verbi
994 3481 1122 3568 ίερεύειν
1151 3484 1270 3547 multae
1297 3484 1417 3550 formae
1445 3488 1569 3549 activae
1598 3489 1799 3572 reperiuntur
1821 3489 1907 3575 apud
1930 3492 1996 3556 Ho-

152 3621 294 3677 merum,
318 3601 420 3664 sorma
443 3604 569 3685 passiva
590 3604 648 3666 nisi
671 3603 734 3666 hoc
757 3603 827 3666 loco
850 3602 944 3665 nulla.

257 3717 331 3783 Non
353 3740 487 3804 possum
510 3740 577 3785 non
599 3724 719 3798 mirari,
748 3724 780 3785 in
808 3722 865 3784 bac
893 3718 1061 3806 rhapsodia
1090 3721 1176 3784 nulla
1203 3724 1291 3804 justa
1313 3723 1421 3788 oblata
1444 3721 1538 3788 causa
1566 3722 1647 3789 deos
1670 3725 1772 3792 induci
1795 3730 1876 3793 inter
1899 3753 1934 3794 se
1957 3735 1995 3796 ri-

155 3848 272 3901 xantes
294 3846 327 3900 et
349 3839 567 3921 objurgantes.
607 3838 780 3904 Veluti-
803 3842 924 3904 omisso
947 3859 975 3901 v.
999 3854 1041 3919 33
1065 3843 1179 3904 -hic
1203 3863 1231 3904 v.
1255 3841 1298 3906 68
1320 3843 1405 3926 Juuo
1440 3845 1600 3909 invehitur
1622 3847 1654 3908 in
1678 3845 1862 3930 Apollinem
1891 3853 1995 3915 verbis

154 3957 223 4034 istis
244 3952 494 4041 ,,κακῶν,ἐταρ’,
523 3957 586 4022 altu
614 3957 756 4023 ἄπιστε“.
791 3957 837 4022 At
860 3979 923 4040 qua
946 3980 981 4022 re
1003 3958 1125 4043 Apollo
1148 3958 1242 4024 iidem
1265 3961 1430 4026 violaverit
1454 3964 1527 4027 mibi
1551 3984 1618 4028 non
1641 3968 1716 4028 satis
1738 3966 1845 4047 liquet.

259 4073 382 4138 Versus
414 4071 527 4138 deinde
560 4081 724 4158 sequentis
751 4077 809 4154 68,
843 4080 897 4159 qui
921 4089 953 4141 et
975 4080 1043 4161 ipse
1065 4081 1256 4163 interpretes
1285 4080 1368 4144 male
1396 4082 1508 4159 habet,
1545 4085 1632 4166 prior
1663 4105 1735 4168 pars
1759 4086 1805 4157 ὣς
1824 4087 1882 4172 γὰρ
1905 4085 1999 4174 ἔμοιγ’

156 4213 269 4278 parum
304 4195 472 4278 perspicua
504 4203 602 4276 atque
635 4193 782 4274 dilucida,
817 4199 977 4281 posterior
998 4196 1064 4260 ἐπεὶ
1085 4194 1171 4262 οὔτι
1194 4197 1478 4286 φίλωνήμιίστανε
1512 4201 1623 4287 δώρων
1656 4205 1835 4286 explicatur
1869 4207 1997 4288 quidem

158 4313 304 4377 aSchol.
328 4311 368 4375 V.
393 4312 458 4376 ἐπεὶ
485 4313 544 4399 οὐχ
570 4315 744 4400 ἡμαζοτανεν
765 4307 917 4400 θ”Εκτωρ
945 4316 1010 4401 ἐμοὶ
1037 4317 1073 4380 τὰ
1101 4321 1239 4405 προσηνῆ
1268 4323 1360 4382 ποιεῖν
1382 4329 1414 4382 et
1437 4341 1457 4382 a
1478 4319 1666 4385 Duentzero
1686 4321 1727 4405 ³);
1760 4333 1792 4386 at
1826 4327 1999 4392 verborum

157 4432 208 4496 illa
232 4433 415 4515 conjunctio
444 4451 553 4495 nonne
581 4434 679 4496 mira?

261 4621 281 4687 ¹)
296 4622 312 4669 l.
332 4620 346 4669 l.
366 4635 420 4685 pag.
443 4631 469 4670 ιι
492 4642 510 4684 υ
531 4629 562 4679 54
582 4627 651 4685 passt
668 4622 732 4671 eben
749 4637 779 4670 so
799 4624 878 4686 wenig
896 4638 928 4672 zu
943 4624 1070 4688 Apollons
1088 4625 1250 4680 .‚Uuwillen¹‘
1268 4625 1383 4676 welchen
1412 4626 1482 4676 doch
1498 4627 1565 4676 nicht
1588 4627 1647 4684 „die
1665 4629 1838 4695 Illisbandlung
1856 4633 1900 4681 des
1918 4639 1997 4684 struu-

157 4735 215 4769 men
231 4721 393 4778 Erdbodens,
412 4722 522 4771 sondern
539 4722 606 4778 „des
624 4728 746 4773 stummen
764 4723 915 4774 Leichnams
933 4732 1042 4790 erregt··.

261 4821 282 4887 ¹)
300 4821 341 4870 cfr.
364 4822 436 4872 Faesi
454 4823 486 4872 ad
504 4824 528 4874 b.
548 4825 563 4873 l.

259 4921 282 4988 θ)
299 4923 367 4972 λιστα,
386 4923 554 4987 Abhandlung
575 4939 628 4988 pag.
653 4926 703 4983 338
721 4925 879 5010 ᾗμψταμε
895 4928 925 4976 ist
937 4929 990 4978 bier
1004 4930 1073 4980 nicht
1083 4931 1193 4981 causatis
1205 4933 1362 4988 runebmen,
1382 4932 1491 4983 sondern
1503 4950 1529 4983 es
1542 4935 1621 4986 beisst
1638 4953 1689 4992 „er
1705 4937 1825 4988 verlehlle
1838 4938 1882 4988 der
1894 4939 1998 5003 Opserss.

163 5035 219 5071 was
236 5023 355 5074 bedeutet
372 5040 421 5082 „er
438 5026 493 5076 liess
511 5039 538 5074 es
556 5026 632 5076 daran
650 5026 757 5077 lemene·
776 5031 851 5079 Sonst
868 5028 961 5078 lrtmnte
979 5045 1035 5080 man
1053 5034 1118 5083 auch
1137 5034 1248 5120 δώρων
1259 5035 1294 5086 als
1314 5037 1411 5086 Genitiv
1424 5036 1474 5103 'der
1485 5037 1627 5102 Beziebung
1645 5039 1737 5096 lassen,
1757 5041 1846 5090 dessen
1865 5043 2001 5093 Gebrauch

157 5127 295 5177 besonders
314 5129 354 5179 bei
372 5131 447 5179 Hom.
467 5130 525 5179 sehr
542 5129 586 5179 lrei
604 5130 641 5180 ist.
