4528 5820
1053 517 1074 580 5

142 712 259 774 animo
274 729 347 773 esse
370 705 549 786 ferendam,
582 708 793 772 mobilitatem
822 718 920 793 atque
947 709 1190 772 inconstantiam
1224 710 1320 773 sortis
1352 709 1511 772 humanae
1533 717 1748 792 conqueratur
1775 729 1811 772 ac
1837 707 1982 794 deploret

143 831 183 916 (Ω
206 842 269 908 524
291 826 379 912 sqq),
403 830 459 892 ubi
480 831 591 912 quieto
613 838 646 892 et
668 827 838 911 tranquillo
854 831 961 892 animo
983 830 1044 892 sub
1067 826 1183 891 eodem
1202 835 1289 891 tecto
1307 847 1380 890 cum
1396 826 1481 908 ejus,
1504 829 1557 911 qui
1580 828 1716 890 amicum
1739 831 1835 913 ipsius
1858 828 1981 910 occidit,

145 959 235 1034 patre
257 947 394 1012 dormiat
415 949 509 1031 eique
531 947 583 1011 filii
606 966 723 1032 corpus
744 945 886 1012 reddat“.
915 947 938 1030 ¹)

246 1065 435 1133 Praedicant
456 1076 565 1131 autem
588 1069 787 1149 summisque
807 1063 953 1130 laudibus
975 1065 1114 1129 efferunt
1136 1084 1211 1128 cum
1233 1067 1419 1150 sapientiam
1446 1074 1579 1149 poetae,
1607 1068 1661 1148 qui
1689 1065 1751 1130 tale
1779 1069 1980 1153 potissimum

143 1198 369 1272 argumentum
392 1194 457 1250 tam
480 1205 577 1270 grave
599 1196 730 1268 tamque
752 1187 890 1268 tragicae
913 1182 1077 1266 cujusdam
1099 1181 1258 1268 dignitatis
1281 1183 1412 1267 plenum
1435 1205 1478 1246 ex
1501 1187 1589 1248 omni
1611 1186 1788 1249 fabularum
1810 1190 1981 1252 troicarum

144 1304 348 1372 multitudine
369 1307 427 1370 sibi
450 1302 647 1370 tractandum
671 1303 817 1388 elegerit,
840 1313 910 1367 tum
927 1321 1004 1368 vero
1020 1304 1212 1388 singularem
1229 1302 1433 1386 divinamque
1447 1313 1549 1367 artem
1565 1307 1597 1368 in
1612 1307 1680 1388 ipsa
1694 1307 1765 1388 ejus
1781 1309 1979 1373 tractatione.

248 1425 295 1490 At
318 1445 433 1488 vereor
455 1427 509 1508 qui
531 1424 579 1487 his
600 1433 700 1507 atque
720 1423 835 1487 talibus
863 1426 966 1488 causis
994 1421 1081 1488 ducti
1108 1425 1189 1487 hanc
1217 1420 1418 1506 rhapsodiam
1444 1421 1597 1487 tuendam
1620 1445 1691 1487 esse
1713 1425 1915 1504 arbitrantur,
1939 1448 1981 1493 ne

143 1548 250 1609 minus
272 1564 340 1622 „ex
363 1545 545 1607 homericae
568 1545 680 1606 aetatis
703 1544 832 1625 ingenio
854 1577 897 1588 -
918 1552 955 1605 ut
977 1542 1179 1626 Liesegangii
1204 1542 1309 1606 verbis
1332 1553 1405 1606 utar
1425 1579 1469 1590 -
1490 1562 1586 1625 quam
1608 1544 1738 1608 ex'suis
1759 1547 1902 1629 ipsorum
1925 1567 1982 1612 no-

144 1675 352 1745 strorumque
374 1671 558 1746 temporum
580 1661 724 1724 moribus
746 1660 875 1724 tulerint
895 1659 1077 1743 judicium“.

248 1781 397 1845 Insistere
418 1783 512 1864 igitur
533 1780 606 1844 huic
629 1781 674 1843 rei
696 1778 773 1842 nolo
795 1800 855 1843 nec
876 1781 1069 1864 relragabor,
1104 1781 1129 1843 si
1164 1781 1235 1862 quis
1263 1777 1303 1843 ad
1333 1778 1410 1843 illud
1432 1777 1622 1845 defensionis
1645 1801 1747 1866 genus
1769 1782 1885 1848 audeat
1907 1805 1982 1851 con·

144 1904 270 1986 lugere.
303 1899 417 1984 Neque
438 1903 523 1964 enim
546 1901 656 1983 fugere
679 1919 874 1982 quemquam
897 1909 991 1983 puto,
1020 1897 1060 1961 de
1087 1896 1245 1980 ejusmodi
1272 1900 1383 1976 rebus,
1417 1919 1500 1982 quae
1521 1897 1560 1962 ad
1582 1901 1788 1965 aestheticam
1817 1924 1899 1986 quae
1927 1873 1982 1969 vos

144 2032 245 2100 catur,
267 2022 448 2085 refemntur
469 2017 554 2084 haud
575 2040 648 2084 raro
670 2021 703 2082 in
725 2013 894 2100 utramque
916 2025 1041 2101 partem
1070 2019 1148 2080 satis
1178 2020 1255 2081 scite
1276 2027 1375 2100 atque
1397 2017 1565 2082 commode
1587 2040 1684 2104 posse
1707 2019 1873 2108 disputari,
1909 2045 1982 2088 cum

143 2143 333 2227 praesertim
355 2160 424 2204 rem
446 2159 575 2204 omnem
602 2135 757 2219 ejusmodi
779 2157 850 2200 esse
873 2136 1059 2220 intelligam,
1089 2157 1172 2219 quae
1194 2133 1234 2199 ad
1256 2134 1410 2219 liquidum
1439 2136 1569 2222 perduci
1598 2143 1757 2223 certisque
1786 2147 1982 2227 argumentis

143 2259 357 2325 demonstrari
375 2263 428 2324 vix
444 2261 555 2343 possit.
589 2255 705 2322 Indidit
720 2258 804 2320 enirn
826 2256 908 2319 hanc
930 2265 1044 2319 natura
1067 2257 1215 2320 omnibus
1237 2255 1503 2342 ,,φιλοστοργίαν“
1517 2295 1560 2305 -
1575 2268 1649 2322 sunt
1670 2261 1748 2324 haec
1770 2262 1981 2329 Schoemanni

146 2380 249 2443 verba
270 2415 314 2427 --
336 2387 372 2442 ut
395 2380 491 2441 etiam
513 2379 546 2440 in
567 2377 629 2440 hoc
652 2396 758 2440 rerum
781 2395 899 2459 genere
922 2373 1010 2457 quod
1032 2377 1167 2458 quisque
1190 2394 1232 2437 ex
1255 2395 1327 2439 sese
1348 2377 1487 2460 peperit,
1509 2373 1538 2439 id
1561 2379 1755 2442 carissimum
1777 2380 1893 2445 habeat
1919 2383 1984 2467 pla·

143 2516 284 2580 cereque
305 2497 454 2560 omnibus
477 2498 590 2579 cupiat.

249 2616 391 2698 Quoquo
414 2611 511 2678 modo
540 2617 634 2698 igitur
661 2636 711 2679 res
735 2616 903 2693 sehabet,
937 2635 1016 2677 num
1049 2613 1242 2678 aestheticae
1276 2613 1357 2676 illius
1387 2615 1538 2679 institutis
1561 2624 1593 2678 et
1616 2620 1793 2701 praeceptis
1826 2621 1982 2701 majorem

145 2733 360 2818 adjungemus
382 2731 479 2798 fidem
501 2754 598 2817 quam
620 2738 816 2818 argumentis
845 2755 882 2798 ac
909 2735 1085 2798 rationibus
1112 2752 1156 2795 ex
1185 2734 1260 2816 ipsis
1282 2734 1474 2797 carminibus
1497 2735 1659 2818 repetitis?
1693 2734 1795 2817 Quid?
1829 2739 1984 2804 simultis

144 2858 179 2919 in
204 2855 300 2919 rebus
323 2855 424 2936 iisque
446 2873 513 2916 non
535 2856 642 2938 parvis
666 2855 747 2917 hanc
768 2851 972 2938 rhapsodiam
994 2874 1014 2915 a
1036 2853 1149 2916 ceteris
1183 2848 1286 2915 Iliadis
1318 2850 1495 2937 rhapsodiis
1523 2851 1703 2938 discrepare
1729 2855 1983 2923 demonstratum

145 2976 221 3052 erit,
245 2993 355 3036 norme
377 2992 448 3036 eam
471 2973 512 3035 ab
534 2973 697 3037 homerica
719 2972 770 3037 illa
792 2981 898 3036 aetate
920 2981 1017 3055 atque
1039 2974 1138 3056 ipsius
1160 2980 1277 3055 poetae
1299 2973 1427 3054 ingenio
1449 2972 1583 3035 alienam
1606 2995 1678 3037 esse
1699 2976 1886 3041 fatebimur?

249 3091 354 3156 Aliter
376 3088 506 3175 quidem
529 3093 586 3154 hac
608 3089 648 3154 de
670 3112 705 3154 re
724 3090 844 3173 judicat
869 3093 915 3154 vir
938 3111 1062 3155 summa
1084 3088 1229 3154 doctrina
1250 3100 1383 3153 ornatus
1403 3089 1439 3152 L.
1458 3089 1689 3170 Friedlaender,
1712 3097 1767 3176 qui
1790 3115 1984 3180 quamquam

146 3212 232 3279 haud
260 3216 408 3297 ignorare
439 3208 569 3287 videtur,
599 3214 704 3275 inesse
726 3214 758 3276 in
779 3213 838 3274 hac
861 3210 1032 3297 rhapsodia
1054 3210 1251 3294 singulamm
1279 3228 1386 3272 rerum
1415 3210 1591 3293 singulares
1613 3215 1841 3297 proprietates,
1875 3226 1984 3282 tamen

146 3355 219 3398 earn
241 3335 274 3397 in
295 3332 374 3396 libro
397 3351 493 3414 quem
516 3332 674 3414 inscripsit
702 3329 778 3408 „die
807 3331 1007 3395 homerische
1036 3325 1144 3395 Kritik
1174 3349 1237 3393 von
1267 3327 1362 3392 Woll
1380 3329 1427 3392 bis
1450 3330 1572 3393 Grote“
1600 3342 1711 3395 contra
1733 3332 1984 3416 Lachmannum,

146 3476 166 3517 a
189 3473 255 3536 quo
278 3448 441 3534 quondam
463 3451 583 3526 stabat,
607 3447 759 3514 tuendam
781 3453 930 3535 suscepit.
965 3449 1012 3513 At
1034 3451 1143 3512 nescio
1176 3457 1331 3530 quantum
1355 3445 1452 3511 docto
1474 3447 1515 3512 illi
1537 3451 1606 3513 viro
1629 3449 1830 3515 tribuendum
1852 3455 1906 3532 sit,
1931 3455 1986 3540 qui

146 3583 273 3638 tantum
295 3573 386 3636 abest
408 3579 445 3634 ut
469 3579 572 3633 totam
599 3568 743 3649 Iliadem,
777 3590 874 3653 quam
902 3566 1030 3652 quidem
1058 3587 1144 3631 nunc
1173 3569 1345 3643 habemus,
1373 3567 1414 3630 ab
1441 3586 1507 3631 uno
1534 3567 1712 3653 eodemque
1735 3581 1833 3657 poeta
1854 3594 1984 3660 compo-

147 3696 241 3758 sitam
262 3712 348 3768 esse,
384 3698 419 3753 ut
453 3691 625 3753 troicarum
653 3689 830 3752 sabulamm
853 3686 919 3751 duo
942 3690 1024 3751 iuter
1046 3709 1082 3751 se
1103 3685 1227 3750 diversa
1249 3688 1386 3749 carmina
1414 3685 1510 3750 luisse
1537 3697 1783 3773 postremasque
1811 3689 1889 3757 duas
1914 3695 1985 3758 rha-

147 3810 290 3897 psodiaS,
313 3820 349 3874 ut
372 3829 488 3894 poema
511 3807 585 3872 illud
608 3819 683 3892 apte
706 3805 955 3884 concluderetur,
978 3803 1100 3870 additas
1122 3803 1329 3888 adjectasque
1351 3825 1423 3869 esse
1446 3809 1601 3871 statuerit.
1620 3806 1645 3891 ²)

250 3929 484 3994 Vemmtamen
507 3947 549 3990 ne
571 3927 698 4011 longius
721 3949 740 3991 a
761 3947 796 3990 re
818 3929 886 4012 ipsa
914 3925 1135 3989 abstrahamur
1156 3934 1259 4008 utque
1281 3921 1411 3988 tandem
1439 3923 1608 4007 aliquando
1630 3924 1670 3989 ad
1692 3928 1776 3992 illam
1804 3928 1844 3994 de
1867 3931 1990 4018 λύτροις

147 4047 367 4134 rhapsodiam,
402 4045 441 4111 de
463 4067 527 4130 qua
549 4045 712 4130 disputare
736 4047 974 4122 constituimus,
998 4041 1232 4128 aggrediamur:
1268 4041 1348 4106 ludis
1377 4044 1583 4122 funebribus,¹
1603 4064 1686 4127 quos
1708 4045 1849 4113 Achilles
1872 4052 1904 4114 in
1927 4049 1985 4115 Pa-

147 4168 238 4234 trocli
259 4168 418 4232 honorem
441 4169 633 4244 instituerat,
657 4167 805 4250 perlectis
826 4166 923 4230 ceteri
946 4162 1060 4227 Achivi
1083 4173 1119 4226 ut
1141 4171 1313 4226 coenarent
1336 4170 1368 4226 et
1390 4166 1515 4228 coenati
1538 4166 1719 4248 quiscerent
1738 4165 1777 4230 ad
1793 4188 1884 4232 suam
1901 4173 1986 4254 quis·

147 4307 212 4372 que
233 4307 350 4351 navem
375 4284 597 4350 discesserunt.
631 4284 774 4350 Achilles
796 4293 919 4362 autem,
941 4285 1033 4366 utqui
1054 4281 1277 4347 commilitonis
1300 4283 1448 4346 carissimi
1468 4280 1624 4347 desiderio
1647 4285 1812 4370 perculsus
1833 4309 1985 4353 somnum

252 4510 273 4575 ¹)
289 4509 321 4559 H.
340 4510 480 4559 Duentzer:
508 4509 572 4557 liber
597 4507 641 4556 das
663 4507 716 4556 vier
736 4507 787 4556 und
812 4507 960 4570 zwenzigste
984 4505 1055 4556 Buch
1081 4505 1124 4555 der
1146 4505 1202 4556 Ilias
1221 4505 1269 4555 Rh.
1295 4505 1359 4555 Mus.
1378 4503 1417 4554 hir
1434 4505 1495 4556 Phil.
1515 4521 1564 4556 von
1582 4506 1700 4560 Welclcer
1720 4511 1782 4569 1847
1801 4512 1832 4562 V.
1851 4511 1984 4571 378-421

147 4611 200 4661 und
217 4611 392 4668 „homerische
408 4610 614 4674 Abhandluugen.
639 4609 742 4674 Leipzig
762 4609 825 4667 1872
843 4623 897 4673 pag.
917 4610 967 4667 326
985 4608 1000 4657 f.

218 4699 221 4708 ¹
251 4712 292 4762 cfr.
312 4713 415 4762 Nitzsch
433 4714 450 4761 l.
469 4712 483 4761 l.
503 4728 526 4778 p.
550 4722 609 4770 270:
630 4713 684 4763 Das
703 4711 811 4762 Gedicht
828 4711 931 4760 schliest
947 4711 1017 4760 nicht
1034 4710 1077 4759 mit
1095 4710 1140 4760 der
1151 4710 1239 4760 Rache
1256 4725 1287 4758 au
1305 4711 1407 4766 Hector.
1430 4711 1583 4760 weilAchill
1599 4713 1666 4761 nicht
1684 4713 1773 4762 zuletzt
1785 4714 1822 4762 als
1834 4714 1879 4762 der
1890 4729 1986 4778 greum,

148 4815 223 4865 wilde
241 4815 341 4865 Richer
358 4815 501 4864 erscheineu
519 4815 610 4871 durlte,
629 4813 694 4863 nach
712 4814 760 4863 den
778 4813 982 4878 Leichenspieleu
1008 4813 1074 4862 dient
1091 4811 1239 4862 nameutlich
1257 4811 1297 4862 die
1316 4815 1395 4864 Scene
1413 4813 1457 4862 mit
1473 4813 1585 4864 Priamus
1603 4828 1647 4862 zur
1663 4813 1820 4879 Beruhiguug
1838 4815 1888 4865 und
1906 4816 1987 4867 Erhe·

148 4920 215 4982 hung
233 4916 278 4967 der
295 4916 501 4967 Menschlichkeit
518 4915 621 4966 Achille.

251 5017 273 5086 ²)
290 5019 319 5068 L.
337 5018 498 5070 Friedlander
515 5018 585 5075 „Die
603 5018 760 5069 homerische
777 5018 858 5068 Kritilr
874 5031 929 5068 vou·
943 5017 1015 5068 Wolf
1029 5017 1067 5067 bis
1086 5018 1187 5067 Grote“
1210 5031 1264 5080 pag.
1284 5016 1323 5066 62.
1355 5016 1430 5071 „Unci
1447 5031 1522 5066 wenu
1540 5017 1585 5066 das
1602 5017 1674 5068 Buch
1692 5019 1716 5068 in
1734 5019 1844 5083 Sprache
1862 5019 1986 5069 Manieren

148 5121 199 5172 und
216 5121 348 5172 Kenntuiss
366 5121 454 5184 einiger
471 5121 573 5184 Mythen
591 5121 721 5184 allerdings
739 5121 856 5170 manches
875 5119 1079 5184 eigenthllmliche
1103 5119 1158 5175 hat,
1187 5131 1217 5167 so
1243 5117 1427 5168 unterscheidet
1445 5135 1471 5168 es
1490 5120 1544 5170 sich
1561 5133 1612 5169 von
1630 5120 1678 5170 den
1697 5120 1789 5170 andern
1807 5120 1861 5170 auls
1879 5121 1989 5171 hochste

147 5224 217 5274 nicht
233 5224 335 5279 starker,
354 5224 390 5273 als
409 5223 472 5274 zwei
489 5237 540 5272 von
558 5223 748 5274 verschiedeueu
769 5224 891 5275 Dichtem
909 5223 1059 5288 gleichzeitig
1077 5221 1198 5272 venasste
1217 5222 1339 5273 Gedichte
1355 5222 1410 5272 sich
1427 5222 1588 5285 nothwendig
1605 5223 1796 5273 unterscheideu
1813 5225 1938 5274 mllssen“.
