4528 5820
1147 453 1184 502 12

336 666 365 710 v.
388 657 430 723 45
453 655 488 708 ut
511 665 553 708 ex
577 640 721 708 Hesiodo
744 644 828 728 Opp.
851 643 916 723 316
939 642 1167 728 depromptum
1196 642 1263 723 jam
1285 640 1503 723 [Alexandrini
1530 639 1763 706 removendum
1785 663 1857 706 esse
1881 653 2077 708 censuerunt

232 766 407 830 rectissime
437 763 504 848 (cir.
533 762 638 826 Schol.
661 760 702 826 ad
723 763 753 826 h.
778 761 796 824 l.
821 763 905 847 παρὰ
923 762 981 847 μὲν
1003 762 1062 846 γολρ
1083 755 1209 848 Ἡσιόδῳ
1238 760 1408 848 γνωμικῶς)
1435 760 1548 843 Atque
1576 761 1753 844 refragatur
1779 758 1860 824 adeo
1888 761 1982 842 hujus
2018 761 2079 826 loci

233 886 425 960 sententiae,
451 892 486 946 ut
508 878 711 947 hauddubie
733 901 866 964 prorsus
888 883 929 945 sit
951 879 1117 945 delendus.

335 1003 405 1087 Jam
423 1022 502 1065 vero
517 1001 565 1064 sac
578 1002 720 1063 animum
735 997 896 1076 attendas,
919 1010 1122 1084 quantopere
1144 1009 1256 1064 noster
1275 1001 1315 1064 ab
1331 999 1494 1064 homerica
1513 997 1637 1063 dicendi
1652 997 1886 1062 consuetudine
1908 999 2078 1063 abhorreat

234 1142 262 1185 v.
286 1125 330 1188 48
350 1117 415 1185 ἀλλ’
437 1119 503 1208 ἦτοι
524 1118 659 1190 κλαύσας
677 1121 727 1182 καὶ
749 1119 938 1205 ὀδοριζιιενος
953 1117 1117 1204 μειλέιριεν.
1139 1116 1268 1182 Nullum
1284 1137 1390 1201 neque
1413 1119 1444 1180 in
1467 1115 1564 1182 Iliade
1586 1137 1693 1201 neque
1715 1120 1747 1181 in
1769 1115 1914 1200 Odyssea
1936 1119 2079 1181 invenies

231 1241 351 1318 locum,
386 1240 440 1304 ubi
467 1238 602 1301 verhum
625 1235 767 1324 μεθιέναι
793 1257 865 1301 cum
894 1239 1060 1322 participio
1092 1238 1132 1300 sit
1159 1236 1372 1317 conjunctum.
1407 1233 1490 1300 Nam
1515 1237 1722 1334 conjungitur
1748 1247 1804 1300 aut
1832 1256 1904 1301 cum
1925 1238 2077 1319 genitivo,

233 1359 321 1424 velut
344 1361 367 1425 Δ
389 1362 456 1426 234
473 1356 606 1443 μαύίετε
629 1355 773 1442 θούριδος
792 1356 893 1445 ἁλιῆς.
937 1358 967 1421 N
993 1358 1035 1421 97
1058 1354 1198 1440 πολέμοιο
1216 1355 1375 1442 μεύήσετε
1396 1353 1587 1437 λευγαλέοιο,
1610 1366 1665 1418 aut
1688 1375 1761 1420 cum
1783 1359 1964 1420 accusativo
1984 1355 2079 1442 χόλον

233 1481 362 1555 A283,
388 1480 478 1565 ρῖγος
496 1477 545 1544 καὶ
567 1476 703 1560 κάματος
723 1497 739 1538 ε
761 1476 840 1551 m,
862 1485 918 1538 aut
940 1474 1103 1552 absolute,
1134 1473 1221 1557 quod
1242 1476 1349 1556 ajunt,
1373 1477 1504 1558 ponitur
1526 1483 1562 1537 ut
1577 1474 1677 1541 0372
1697 1476 1779 1561 ὴιὼν
1797 1475 1919 1561 μεθίεις
1936 1476 1986 1540 καὶ
2008 1477 2077 1560 cojo-

235 1620 305 1662 πεαι
321 1597 419 1680 ἄλγεα
437 1597 580 1681 πάσχων,
603 1594 720 1669 confer,
744 1595 770 1656 si
792 1592 910 1677 placet,
934 1594 958 1659 Δ
981 1595 1053 1670 516,
1076 1593 1106 1658 K
1123 1596 1199 1671 121,
1227 1596 1349 1670 0553,
1369 1595 1428 1660 710
1444 1593 1499 1670 al,
1522 1603 1578 1656 aut
1601 1596 1745 1677 sequitur
1766 1595 1939 1658 infinitivus
1953 1592 2078 1680 pedipoe

229 1715 406 1806 μύχεούαι,
428 1719 458 1780 N
476 1717 552 1780 234.
581 1712 613 1776 A
638 1733 704 1796 quo
725 1732 787 1776 usu
810 1722 1010 1796 quantopere
1032 1714 1082 1776 hic
1104 1712 1134 1778 h.
1157 1711 1176 1776 l.
1200 1710 1357 1797 discrepet
1380 1723 1497 1795 sponte
1524 1723 1666 1797 apparet.
1931 1687 1934 1695 ¹

335 1834 444 1899 Simile
467 1831 617 1915 quiddam
644 1833 743 1896 habes
766 1832 844 1896 inira
865 1835 897 1895 in
918 1852 949 1896 v.
972 1834 1017 1897 90
1040 1831 1123 1895 τίπτε
1141 1855 1183 1918 με
1205 1835 1303 1903 κεῖνος
1321 1831 1424 1914 ἄνωγε
1442 1831 1543 1917 μέγας
1563 1830 1655 1904 ύεύς,·
1681 1834 1816 1896 verbum
1839 1834 1925 1896 enim
1948 1833 2076 1913 ἀνώγειν

234 1964 291 2019 aut
313 1955 461 2018 absolute
483 1955 614 2040 ponitur
636 1951 839 2032 conjunctum
862 1970 933 2014 cum
957 1970 1036 2014 voce
1059 1949 1158 2035 οομύς
1177 1962 1274 2032 atque
1297 1953 1339 2014 ita
1362 1949 1506 2032 quidem,
1536 1959 1572 2014 ut
1599 1951 1745 2014 facillimo
1772 1955 1904 2035 negotio
1927 1951 2077 2036 suppleas

234 2067 425 2138 infinitivum
453 2081 510 2135 aut
536 2073 681 2154 sequitur
703 2069 885 2134 infinitivus.
932 2068 1033 2150 Cujus
1055 2071 1101 2132 rei
1123 2069 1273 2154 exempla
1308 2071 1450 2134 invenies
1473 2080 1625 2134 sexcenta
1652 2069 1738 2155 apud
1767 2070 1960 2135 Dammium.
2006 2069 2078 2134 Hoc

233 2203 343 2256 autem
376 2191 449 2255 loco
484 2191 657 2255 infinitivus
686 2190 813 2270 longius
847 2198 896 2252 est
929 2186 1124 2273 repetendus
1152 2199 1185 2252 et
1215 2189 1345 2270 ἀνώγειν
1379 2186 1514 2253 eandem
1546 2190 1643 2252 habet
1672 2191 1735 2253 vim
1763 2199 1860 2272 atque
1893 2187 2077 2275 ἐποτρύνειν,

234 2331 375 2394 quocum
399 2311 481 2375 solet
503 2311 664 2392 conjungi.

337 2429 478 2493 Versum
508 2426 622 2493 deinde
644 2438 834 2510 sequentem
855 2428 899 2493 49
923 2427 1031 2514 τλητὸν
1054 2427 1112 2513 γὰρ
1134 2428 1245 2511 Moloni
1272 2427 1369 2510 ύνμὸν
1391 2425 1488 2491 ύέσαν
1510 2423 1714 2511 ἀνθρώποισιν
1746 2426 1912 2490 Arminius
1941 2426 2074 2510 Kochly,

236 2550 283 2612 vir
305 2546 525 2625 doctissimus,
548 2550 602 2630 qui
626 2559 658 2610 et
681 2549 750 2632 ipse
776 2549 857 2610 hanc
878 2544 918 2610 de
940 2545 1061 2631 λύτροις
1079 2543 1298 2630 rhapsodiam,
1334 2547 1366 2608 in
1401 2565 1464 2627 qua
1487 2546 1650 2610 terniones
1673 2549 1752 2610 istos
1776 2548 1827 2611 vel
1849 2550 2076 2630 quaterniones

235 2687 388 2731 versuum
412 2668 621 2750 investigasse
644 2667 703 2729 sibi
727 2669 813 2730 visus
837 2677 901 2742 est,
939 2667 1210 2729 commentatione
1227 2685 1315 2746 quae
1338 2665 1518 2728 inscribitur
1545 2665 1709 2741 „Hectors
1736 2665 1897 2750 Ldsung“
1925 2663 2076 2730 tuendam

234 2789 388 2870 suscepit,
424 2797 557 2870 propter
592 2785 674 2849 illam
709 2787 818 2849 nescio
846 2805 943 2867 quam
972 2786 1129 2848 rationem
1156 2786 1293 2847 ethicam
1314 2780 1515 2864 rejiciendum
1537 2804 1609 2847 esse
1632 2787 1805 2848 existimat.
1843 2786 1960 2866 Quaeri
1990 2787 2076 2848 enim

235 2907 298 2969 hoc
323 2925 350 2967 v.
374 2925 417 2968 ex
441 2906 596 2986 imbecilla
619 2915 651 2967 et
674 2904 798 2967 infirma
827 2906 944 2986 ingenii
972 2905 1101 2968 humani
1134 2915 1249 2968 natura
1277 2906 1385 2966 animo
1414 2903 1557 2988 placabili
1579 2912 1612 2966 et
1633 2901 1672 2966 ad
1695 2903 1946 2968 obliviscendum
1972 2924 2078 2988 prono

236 3025 481 3088 excusationem
506 3020 682 3104 quandam,
718 3041 791 3085 cum
824 3022 943 3087 oblivio
972 3025 1157 3106 injuriarum
1186 3033 1260 3086 ante
1288 3023 1442 3086 laetarum
1464 3021 1620 3086 hocloco
1643 3025 1784 3088 maxime
1806 3021 2016 3108 praedicanda
2038 3025 2078 3088 sit

235 3144 434 3225 summisque
465 3140 608 3230 laudibus
631 3138 802 3204 efferenda.
821 3139 843 3222 ¹)
876 3139 940 3205 Sed
967 3142 1083 3205 hocin
1105 3139 1209 3204 medio
1237 3141 1462 3223 relinquamus.
1497 3141 1544 3206 At
1566 3141 1650 3206 aliud
1673 3145 1781 3206 nescio
1804 3163 1845 3206 an
1869 3146 1908 3207 sit
1930 3144 1960 3206 h.
1984 3143 2002 3206 l.
2026 3162 2078 3205 ur-

235 3259 391 3346 gendum,
414 3278 481 3342 quo
501 3261 568 3342 jam
592 3260 822 3343 Liesegangius
845 3271 893 3324 est
917 3260 1069 3324 offensus.
1094 3260 1215 3337 „Hunc
1238 3263 1338 3338 enim,
1361 3263 1476 3343 inquit,
1501 3281 1630 3325 versum
1652 3264 1678 3325 si
1701 3264 1866 3346 exceperis
1890 3282 1986 3342 unam
2004 3261 2077 3325 Par-

234 3400 320 3457 cam,
357 3398 424 3443 non
457 3378 565 3462 plures
597 3375 818 3462 deprehendes
848 3378 933 3464 apud
963 3379 1151 3443 Homerum.
1193 3378 1309 3442 Plurali
1340 3398 1477 3442 numero
1499 3383 1524 3443 si
1547 3389 1682 3442 utuntur
1712 3391 1801 3444 vates
1830 3381 1982 3444 homerici
2010 3399 2079 3444 non

235 3499 413 3580 loquuntur
435 3497 475 3560 de
497 3495 618 3560 deabus
652 3497 725 3574 illis,
761 3517 844 3579 quae
878 3497 944 3562 lato
972 3499 1063 3580 quasi
1091 3493 1272 3582 praesidere
1298 3497 1536 3581 humanamque
1559 3508 1679 3561 sortem
1702 3518 1814 3582 regere
1837 3510 1871 3564 et
1893 3497 2080 3563 dicebantur

236 3627 268 3682 et
284 3615 505 3694 credebantur,
529 3616 704 3698 loquuntur
720 3615 760 3680 de
778 3618 921 3701 partibus
938 3626 973 3679 ut
990 3615 1087 3682 0070
1096 3616 1210 3702 μοζοας
1222 3614 1338 3700 ἔνεμον,
1360 3639 1387 3680 ο.
1405 3618 1473 3682 260
1487 3617 1668 3702 στλύγγνιον
1677 3617 1813 3701 μοζοας“
1826 3617 1852 3700 ²)
1876 3619 1946 3682 Huc
1959 3617 2079 3682 accedit

235 3734 323 3818 quod
346 3738 378 3800 in
400 3733 497 3799 Iliade
520 3735 619 3798 semel
642 3745 766 3800 tantum
785 3747 912 3819 praeter
931 3737 1016 3798 hunc
1038 3735 1145 3798 locum
1168 3735 1297 3818 pluralis
1317 3736 1434 3818 legitur
1455 3733 1550 3818 idque
1572 3737 1604 3797 in
1626 3735 1776 3800 Dolonea
1798 3737 1829 3802 Ir'
1846 3740 1915 3804 253
1938 3742 2000 3802 τῶν
2023 3736 2079 3801 δύο

232 3831 370 3943 propriori
378 3853 418 3918 de
427 3864 524 3918 nocte
531 3857 702 3940 tripartita,
714 3853 753 3917 de
765 3874 827 3936 qua
840 3852 1009 3940 rhapsodia
1021 3852 1096 3937 quid
1109 3865 1193 3918 esset
1207 3853 1412 3918 statuendum
1421 3856 1486 3936 jam
1499 3865 1625 3918 veteres
1637 3857 1732 3918 critici
1744 3856 1979 3921 intellexerunt.
1996 3855 2079 3920 Tres

235 3974 354 4039 Parcae
366 3994 543 4056 earumque
558 3976 702 4052 nomina,
727 3994 810 4056 quae
825 3984 857 4036 et
873 3977 940 4058 ipsa
955 3976 1134 4038 homericae
1149 3976 1262 4036 aetatis
1277 3974 1403 4037 vatibus
1419 3974 1547 4037 luerunt
1564 3975 1740 4056 incognita,
1763 3977 1969 4039 inveniuntur
1993 3972 2080 4058 apud

236 4093 415 4158 Hesiodum
438 4093 575 4178 (Theog.
601 4107 672 4170 217.
695 4107 769 4171 904.
793 4093 882 4176 905.)
919 4092 1003 4175 Quid
1027 4093 1139 4177 igitur?
1163 4112 1273 4156 nonne
1295 4113 1338 4156 ex
1361 4093 1419 4155 hac
1440 4111 1572 4175 quoque
1594 4113 1628 4156 rc
1654 4104 1689 4156 ut
1712 4114 1755 4158 ex
1779 4094 1886 4158 multis
1908 4093 1974 4156 aliis
1997 4094 2081 4156 hanc

235 4215 340 4298 rhaps.
365 4216 545 4277 recentiore
567 4213 697 4276 demum
719 4223 826 4276 aetate
848 4234 920 4277 esse
942 4215 1153 4297 compositam
1177 4212 1332 4292 conjicere
1362 4211 1484 4275 licebit?
1517 4210 1580 4275 Sed
1604 4232 1669 4294 quo
1685 4213 1807 4297 planior
1829 4234 1880 4276 res
1903 4212 1972 4289 liat,
1996 4212 2078 4288 lege,

237 4353 373 4414 quaes0‚
399 4353 529 4396 versum
551 4335 605 4413 qui
628 4339 677 4395 cst
699 4333 777 4396 inira
802 4335 870 4400 209
893 4335 939 4419 τῷ
962 4332 1038 4403 δ’ὥς
1058 4331 1129 4396 node
1147 4333 1242 4417 μοζοα
1264 4330 1394 4418 κραταιή

339 4451 506 4537 γιγνομένῳ
532 4450 661 4538 ἐπένησε
689 4450 776 4538 λίνῳ,
804 4453 857 4517 dre
881 4477 932 4538 μιν
962 4451 1047 4516 τέκον
1075 4450 1169 4538 αὐτῇ,
1197 4450 1252 4514 ubi
1273 4450 1325 4514 fila
1348 4463 1479 4513 nentem
1502 4451 1574 4514 lacit
1596 4461 1694 4534 poeta
1720 4449 1861 4514 Parcam.
1897 4451 2079 4516 Simillimus

238 4592 349 4636 versus
372 4580 421 4634 est
444 4573 476 4634 in
498 4573 602 4656 rhaps.
632 4570 662 4635 Y
677 4574 740 4638 128
745 4596 758 4644 ;
779 4583 811 4635 at
834 4573 919 4635 hunc
942 4591 1072 4635 versum
1088 4568 1300 4634 Alexandrini
1321 4567 1492 4632 delendum
1515 4590 1587 4633 esse
1606 4567 1827 4650 judicaverunt
1850 4592 1888 4633 ea
1911 4567 1950 4634 de
1973 4589 2077 4646 causa,

237 4689 325 4774 quod
348 4702 383 4754 ut
400 4693 444 4754 ait
462 4689 566 4754 Schol.
583 4687 623 4752 ad
644 4690 754 4755 ,0210
769 4689 906 4756 ἐνταῦθα
927 4691 1031 4761 καλῶς
1049 4693 1160 4765 κεῖται,
1189 4688 1237 4752 ἐπὶ
1259 4689 1294 4752 δὲ
1315 4683 1471 4776 Ἀχιλλέως
1490 4689 1522 4752 ἐν
1546 4691 1584 4775 τῇ
1611 4687 1641 4754 Υ
1656 4689 1750 4772 (128)
1773 4689 1882 4753 ούιιέτι.
1915 4687 2012 4771 Quod
2029 4689 2080 4771 ju·

628 4813 749 4820 ——n—

342 4913 362 4979 ¹)
379 4912 481 4976 Kochly
506 4914 635 4968 „Hectors
661 4913 785 4976 Lttsung‘·
818 4913 1072 4963 Gratulationsschrilt
1098 4913 1142 4963 der
1171 4913 1317 4962 Universitat
1347 4912 1437 4962 lerich
1470 4927 1526 4962 zum
1549 4923 1584 4972 50
1603 4912 1714 4978 jahrigen
1750 4912 1999 4976 Professorjubilaum
2028 4925 2082 4962 von

237 5015 265 5066 F.
286 5017 315 5066 G.
334 5013 453 5065 Welcker
474 5015 539 5075 1859
555 5029 611 5080 pag.
635 5025 671 5064 tt.

341 5116 395 5183 ²)l.
414 5117 428 5166 1.
448 5131 503 5182 pag.
526 5127 562 5166 lt.
