4528 5820
1144 391 1186 440 10

233 585 455 649 Duentzerum
472 580 557 660 dico,
580 581 630 646 hic
649 601 717 645 rem
736 583 780 646 sic
797 578 978 666 expedivit,
1001 590 1037 644 ut
1052 577 1183 646 diceret:
1208 579 1319 663 „Quid
1333 579 1463 648 tandem
1481 601 1597 646 causae
1612 591 1677 660 est,
1700 603 1766 662 cur,
1790 604 1866 650 cum
1878 587 1912 648 in
1929 586 2081 650 omnibus

233 701 338 770 Iliadis
353 702 498 787 partibus
511 699 774 785 interpolationes
788 702 893 764 inesse
907 696 1090 777 videamus,
1113 697 1243 766 easdem
1258 701 1332 765 huic
1347 699 1537 786 rhapsodiae
1553 699 1788 785 derogemusi“
1809 702 1905 786 Quod
1921 707 1947 770 si
1959 708 2002 770 sic
2014 715 2078 770 sta·

234 827 342 902 luitur,
364 821 433 888 fieri
449 841 528 886 sane
547 828 670 906 potest,
693 830 730 884 ut
746 839 861 883 verum
875 820 930 896 sit,
954 826 1063 903 potest
1079 828 1189 884 autem
1205 821 1317 897 etiam,
1340 828 1376 884 ut
1399 819 1521 886 falsum
1561 819 1692 886 Etenim
1708 821 1757 886 fac
1772 832 1880 886 tecum
1895 821 2077 908 perpendas

234 943 335 1008 multa
355 941 508 1006 hocloco
531 959 644 1024 parurn
666 948 742 1023 apte
764 958 836 1002 esse
858 938 1016 1014 instituta,
1045 937 1146 1002 multa
1168 936 1402 1004 inconsiderate
1423 937 1687 1022 negligenterque
1710 961 1783 1006 esse
1805 941 1892 1019 ficta,
1919 944 1981 1008 hoc
2004 942 2079 1008 loco

234 1072 267 1125 et
294 1061 361 1126 aliis
389 1061 486 1143 hujus
515 1055 703 1142 rhapsodias
735 1077 803 1121 non
835 1057 944 1140 paucis
977 1055 1132 1135 majorem
1162 1067 1194 1120 et
1224 1057 1412 1141 ampliorem
1442 1077 1549 1121 rerum
1578 1058 1826 1142 fubularumque
1865 1063 2079 1145 mythicarum

235 1181 382 1246 notitiam
403 1188 501 1261 atque
522 1178 700 1252 scientiam,
723 1195 819 1258 quam
842 1184 969 1238 ceterae
986 1171 1089 1239 iliadis
1110 1175 1251 1240 habeant
1266 1185 1391 1260 partes,
1414 1173 1623 1272 deprehendi:
1649 1161 1744 1261 quid?
1767 1199 1846 1244 num
1868 1178 1988 1246 delebis
2010 1182 2040 1246 h.
2058 1182 2077 1245 l.

236 1319 309 1364 cum
325 1294 552 1362 Alexandrinis
568 1317 619 1358 vv.
637 1293 782 1376 23-30?
805 1313 883 1358 num
900 1291 1020 1358 delebis
1035 1313 1166 1376 quoque
1190 1314 1240 1358 vv.
1264 1294 1407 1374 59-63,
1431 1294 1485 1358 ubi
1501 1305 1600 1379 poeta
1615 1295 1774 1362 lunonem
1790 1299 1861 1364 facit
1878 1300 2079 1382 gloriantem,

236 1439 272 1484 se
293 1415 464 1482 Thetidem
496 1413 590 1480 deam
623 1417 778 1478 marinam
811 1410 963 1476 educasse
995 1421 1092 1495 atque
1120 1411 1217 1476 Peleo
1246 1409 1370 1478 dedisse
1398 1432 1539 1478 uxorem
1571 1433 1751 1499 omnesque
1778 1415 1857 1482 deos
1880 1417 1938 1484 illis
1959 1421 2079 1503 nuptiis

237 1535 436 1602 interfuisse?
482 1533 600 1598 delebis
636 1555 664 1596 v.
703 1546 778 1610 107,
822 1533 877 1596 ubi
910 1541 1181 1596 commemoratur
1215 1534 1284 1596 rixa
1317 1532 1382 1609 illa,
1427 1551 1512 1615 quae
1545 1531 1585 1598 de
1618 1533 1766 1600 Hectoris
1801 1555 1937 1621 corpore
1968 1547 2001 1600 et
2037 1536 2079 1604 de

236 1656 365 1721 Achille
387 1658 470 1720 inter
490 1651 569 1718 deos
591 1651 787 1717 immortales
810 1670 868 1735 per
889 1671 1008 1715 novem
1036 1648 1103 1715 dies
1132 1649 1244 1714 dicitur
1272 1651 1387 1715 fuisse?
1423 1670 1501 1714 num
1523 1653 1704 1716 removebis
1728 1673 1780 1716 vv.
1805 1668 1989 1734 249-250,
2023 1659 2079 1722 ubi

240 1793 360 1839 novem
382 1782 611 1838 enumerantur
633 1771 747 1835 Priami
769 1770 823 1834 frlii
845 1778 877 1834 et
900 1790 929 1834 v.
954 1783 1016 1848 257
1038 1768 1183 1834 Priamus
1205 1771 1274 1853 ipse
1297 1779 1403 1834 narrat
1418 1768 1595 1834 Mestorem
1616 1780 1650 1834 et
1671 1771 1818 1836 Troilum
1832 1777 1973 1858 optimos
1995 1776 2078 1840 filios

236 1915 314 1960 esse
336 1893 521 1957 interfectos
536 1889 735 1955 -Troilum
758 1899 867 1954 autem
890 1898 1015 1954 constat
1034 1888 1190 1971 acyclicis
1212 1890 1316 1972 poetis
1338 1889 1478 1954 maxime
1501 1890 1599 1953 fuisse
1621 1889 1833 1958 celebratum?
1857 1913 1935 1957 num
1959 1892 2079 1960 delebis

237 2013 318 2078 alios
341 2031 467 2088 versus,
498 2012 614 2093 quibus
636 2030 687 2072 res
710 2010 915 2072 continentur
936 2017 969 2072 et
991 2016 1170 2084 narrantur,
1204 2027 1288 2090 quae
1315 2003 1356 2072 ad
1384 2007 1576 2090 cyclicorum
1604 2018 1775 2093 poetarum
1802 2021 1942 2076 aetatem
1964 2023 1997 2077 et
2020 2034 2078 2079 no·

239 2135 341 2198 titiam
363 2128 548 2194 referendae
571 2150 644 2194 esse
667 2126 855 2192 videantur?

341 2248 425 2332 Quid
441 2248 553 2334 igitur?
578 2256 718 2332 praestat
740 2246 819 2310 haec
842 2244 966 2328 aliaque
988 2247 1174 2310 recentioris
1197 2246 1327 2328 originis
1350 2247 1484 2328 vestigia
1507 2242 1723 2312 audacissimis
1742 2249 1809 2312 istis
1825 2250 2023 2314 athetesibus
2045 2261 2079 2314 et

239 2369 452 2436 subtilissimis
473 2367 739 2452 explicationibus
761 2362 868 2428 delere
891 2375 988 2446 atque
1010 2366 1227 2448 restinguere,
1265 2384 1308 2428 an
1336 2367 1475 2428 retinere
1498 2374 1530 2427 et
1553 2365 1710 2448 profiteri,
1740 2364 1813 2430 inde
1835 2389 1907 2432 esse
1930 2368 2079 2452 colligen-

240 2487 332 2566 dum,
360 2489 441 2550 hanc
468 2483 671 2570 rhapsodiam
699 2485 878 2568 posteriore
899 2481 1028 2548 demum
1058 2492 1205 2568 tempore
1227 2503 1298 2548 esse
1322 2481 1446 2546 ortam?
1480 2481 1542 2546 Sed
1564 2483 1643 2547 haec
1664 2482 1793 2564 quidem
1816 2486 1986 2565 hactenus3
2012 2489 2080 2570 jam

238 2605 280 2672 ad
297 2604 423 2690 singula
444 2613 652 2669 revertamur.
686 2603 809 2687 Inspice
831 2605 983 2686 primum,
1012 2605 1037 2667 si
1060 2602 1177 2686 placet,
1207 2623 1227 2664 v
1250 2604 1296 2668 20
1323 2604 1391 2687 περὶ
1413 2602 1439 2665 δ’
1471 2601 1560 2682 αλγίδι
1582 2603 1687 2667 πάντα
1709 2605 1859 2670 κάλαπτεν

441 2722 579 2811 χρυσείῃ,
607 2721 655 2788 ἵνα
677 2723 723 2808 μή
746 2746 797 2808 μιν
823 2721 996 2809 ἀποδρύφοι
1021 2722 1228 2799 ἑλκυστάζων,
1261 2742 1358 2804 quem
1392 2718 1520 2804 quidem
1545 2741 1672 2786 versum
1700 2742 1772 2788 cum
1800 2728 1960 2810 pangebat
1982 2737 2081 2812 poeta

240 2845 504 2910 reminiscebatur
538 2845 606 2907 sine
639 2839 736 2905 dubio
771 2860 882 2904 versus
913 2841 1001 2926 rhap.
1033 2842 1064 2906 Ψ
1079 2843 1138 2908 187
1156 2841 1298 2926 ῥοδόεντι
1320 2841 1355 2904 δὲ
1372 2843 1461 2927 χρῖεν
1485 2838 1580 2927 ἐλαίῳ
1602 2841 1778 2928 Ἀμβροσίῳ,
1800 2843 1848 2907 ίνα
1866 2845 1911 2932 μή
1929 2870 1980 2931 μιν
2007 2847 2080 2911 ἀπο-

241 2963 352 3052 δρύφοι
373 2962 573 3036 ἑλκυστάζων.
610 2959 704 3043 Quod
724 2958 854 3042 quidem
881 2960 985 3024 Schol.
1009 2959 1049 3025 ad
1070 2962 1101 3024 h.
1124 2961 1143 3024 l.
1170 2959 1242 3026 dicit
1276 2960 1381 3036 „alric
1410 2959 1464 3024 οὐκ
1485 2957 1565 3024 ἔστιν
1587 2960 1716 3039 arvom,
1739 2962 1801 3026 hoc
1825 2964 1913 3027 facile
1934 2962 2081 3048 redargui

241 3103 339 3168 posse
363 3079 487 3146 videtur
508 3083 597 3165 rhap.
629 3081 731 3147 0361
752 3115 794 3126 -
816 3079 875 3164 πρὸ
896 3073 925 3142 δ
945 3074 1092 3144 Ἀπόλλων
1114 3075 1203 3162 αλγίδ
1225 3077 1306 3166 ἔχων
1327 3079 1465 3164 ἐρίτιμον.

345 3200 498 3265 Ceterum
520 3221 679 3283 nusquam
702 3198 859 3263 hocloco
882 3207 1022 3283 excepto
1045 3191 1223 3287 ,,χρασείιρ“
1245 3196 1362 3283 aegidis
1377 3209 1427 3263 est
1442 3200 1625 3284 epitheton,
1650 3219 1732 3282 quae
1754 3200 1836 3264 solet
1859 3204 1966 3266 vocari
1992 3204 2079 3290 dupe-

241 3320 364 3398 δάσεια,
397 3319 610 3386 δοσσανόεσσα
638 3339 724 3410 quae¹
744 3315 873 3399 quidem
895 3319 1037 3401 epitheta
1059 3319 1181 3402 optime
1203 3316 1359 3401 quadrant
1388 3321 1421 3384 in
1457 3319 1590 3383 nubium
1612 3327 1773 3396 naturam,
1808 3317 1847 3382 ad
1878 3323 1942 3386 vim
1972 3333 2081 3386 autem

242 3450 341 3522 atque
362 3441 462 3503 robur
484 3447 631 3524 spectant
654 3457 751 3500 voces
774 3435 892 3523 δοῦρις,
915 3436 1008 3525 δεινή.
1046 3437 1161 3502 Φλθίλ
1182 3437 1281 3501 habes
1303 3437 1492 3526 σμερδαλέη,
1526 3447 1559 3501 at
1591 3438 1641 3502 hic
1667 3437 1717 3502 alii
1739 3438 1851 3504 ἀσπίδα
1872 3440 1935 3524 legi
1957 3441 2079 3507 volunt.

345 3558 381 3621 ln
411 3561 554 3622 versibus
582 3560 637 3640 qui
668 3559 735 3640 jam
763 3565 942 3639 sequuntur
963 3554 1122 3639 quaedam
1142 3557 1183 3619 ab
1206 3557 1357 3619 homerici
1391 3557 1548 3620 sermonis
1569 3575 1632 3620 usu
1662 3555 1811 3622 recedere
1844 3557 2001 3638 videntur,
2034 3565 2081 3626 uti

242 3697 272 3740 v.
297 3690 425 3755 22:54
446 3679 492 3748 ὣς
511 3680 528 3740 δ
546 3678 605 3763 μὲν
621 3668 751 3762 Ἕκτορα
774 3676 837 3740 διον
859 3674 987 3748 ἀείκιζεν
997 3674 1177 3760 μενεαίνων.
1204 3675 1333 3740 Etenim
1358 3677 1493 3739 verbum
1511 3675 1683 3761 μενεαίνειν
1705 3696 1863 3759 nusquam
1885 3677 2001 3760 legitur
2022 3683 2082 3745 nisi

242 3799 301 3874 ita,
326 3806 361 3860 ut
383 3794 519 3860 addatur
541 3796 714 3861 infinitivus
736 3807 791 3859 aut
813 3793 958 3858 facillime
980 3813 1022 3857 ex
1044 3796 1199 3877 proximis
1217 3797 1318 3878 possit
1335 3794 1474 3879 suppleri
1495 3794 1594 3860 velut:
1616 3798 1640 3860 0
1661 3796 1722 3860 617
1744 3791 1809 3860 ἀλλ’
1830 3792 1896 3861 οὐδ’
1912 3799 1958 3869 ὣς
1970 3799 2083 3866 δύνατο

239 3915 348 4003 ῥῆξαι,
367 3916 453 4000 μάλα
476 3939 534 4001 περ
557 3915 728 4002 μενεαίνων
749 3935 792 3979 sc.
813 3915 926 4004 ῥῆξαιε
953 3935 968 3977 ε
995 3915 1059 3978 341
1081 3913 1116 3977 οὐ
1135 3913 1193 3999 μὲν
1216 3914 1254 3999 δή
1276 3936 1312 3980 σε
1333 3911 1531 3998 καταφθίσει,
1549 3915 1635 3999 μάλα
1658 3937 1715 4000 περ
1733 3916 1904 4000 μενεαίνων
1926 3939 1965 3982 sc.
1991 3943 2082 3983 aara-

243 4032 360 4120 φδίσαι.
400 4033 475 4098 Uno
501 4043 627 4099 tantum
655 4035 728 4098 loco
757 4034 862 4114 T367
885 4033 975 4097 aliter
997 4053 1048 4097 res
1070 4051 1142 4096 sese
1164 4030 1289 4097 videtur
1310 4033 1443 4108 habere,
1478 4032 1534 4097 sed
1569 4055 1620 4097 vv.
1655 4035 1806 4114 365-68
1835 4040 1977 4101 omnium
2007 4059 2084 4102 con·

244 4172 340 4248 sensu
362 4165 580 4218 removentur.
618 4151 715 4218 Adde
743 4151 831 4237 quod
859 4151 1033 4218 Mercurius
1056 4174 1077 4214 v
1101 4167 1143 4230 24
1170 4161 1202 4215 et
1233 4166 1295 4230 109
1317 4171 1423 4234 neque
1451 4152 1517 4216 ullo
1544 4153 1606 4217 alio
1629 4153 1731 4218 Iliadis
1763 4154 1837 4220 loco
1872 4167 2003 4220 vocatur
2035 4157 2085 4222 ἐύ-

243 4295 364 4350 σκοπος,
384 4293 617 4358 saepenumero
640 4275 672 4337 in
694 4271 840 4355 Odyssea
862 4296 883 4335 α
905 4272 961 4352 38,
986 4296 1005 4360 η
1030 4284 1090 4352 137
1112 4271 1150 4335 al.
1175 4279 1207 4334 et
1229 4271 1337 4353 hymn.
1361 4269 1469 4356 Apoll.
1494 4285 1566 4336 200.
1590 4271 1676 4336 Merc
1697 4284 1746 4354 73.

347 4412 376 4454 v.
402 4405 442 4469 25
464 4413 510 4474 sq.
534 4395 560 4456 si
583 4391 731 4476 legimus,
754 4394 841 4456 venit
865 4393 957 4456 nobis
973 4393 1004 4456 in
1028 4402 1170 4454 mentem
1192 4391 1279 4474 rhap.
1303 4393 1329 4456 A
1352 4390 1415 4470 398
1438 4409 1500 4473 sq.,
1524 4394 1578 4455 ubi
1602 4393 1632 4456 hi
1655 4401 1719 4457 tres
1741 4391 1798 4470 dii,
1821 4401 1857 4457 ut
1880 4393 1993 4478 Jovem
2017 4397 2085 4460 vin·

245 4513 360 4587 cirent,
386 4513 573 4575 societatem
595 4513 700 4576 iniisse
714 4521 892 4587 narrantur,
916 4530 998 4592 quos
1021 4509 1149 4592 quidem
1165 4513 1335 4593 quominus
1350 4509 1516 4574 consilium
1538 4511 1743 4595 perficerent,
1766 4511 1943 4596 Aegaeona
1964 4513 2085 4579 auxilio

244 4638 375 4706 vocat0,
411 4649 506 4713 aegre
528 4651 547 4693 a
568 4627 705 4694 Thetide
738 4631 915 4714 prohibitos
949 4651 1020 4694 esse
1054 4627 1126 4693 dicit
1155 4629 1304 4694 Achilles.
1334 4630 1355 4712 ¹)
1388 4627 1501 4712 Neque
1530 4631 1605 4695 mihi
1632 4629 1762 4712 quidem
1796 4635 1872 4695 satis
1904 4633 2003 4715 liquet
2031 4635 2085 4715 qui

244 4749 312 4814 fieri
345 4749 501 4832 potuerit,
535 4759 571 4812 ut
602 4746 787 4833 Neptunus,
821 4751 875 4832 qui
898 4768 1057 4832 nusquam
1091 4749 1163 4812 alibi
1196 4748 1313 4813 Achilli
1341 4751 1456 4815 favisse
1485 4761 1640 4828 narratur,
1675 4751 1735 4814 hoc
1770 4750 1843 4814 loco
1866 4752 1906 4814 ab
1928 4753 1998 4834 ejus
2021 4763 2085 4816 stet

244 4869 397 4954 partibus.
442 4866 648 4933 Duentzerus
670 4865 844 4932 offenditur
865 4870 970 4934 verbis
993 4868 1178 4951 γλαυκώπιδι
1200 4868 1295 4955 κούρῃ
1319 4889 1337 4930 ν
1361 4869 1403 4934 26
1424 4879 1458 4934 et
1481 4869 1556 4940 λαός
1576 4889 1604 4932 v.
1630 4869 1680 4934 28.
1709 4866 1823 4951 Neque
1852 4872 1973 4953 injuria.
2004 4867 2087 4935 Nam

350 5091 371 5157 ¹)
387 5091 486 5142 Preller.
506 5093 548 5142 Gr.
568 5091 674 5156 Mythol.
694 5091 705 5142 l
724 5106 748 5156 p.
772 5099 825 5149 130.
