4528 5820
1076 455 1109 504 ll

172 647 275 711 uerba
303 647 488 730 γλαυκώπιδι
509 645 605 732 κούρῃ
625 648 658 709 λιι
680 643 826 729 Odyssea
859 643 989 710 demum
1023 641 1182 729 leguntur,
1216 646 1249 707 in
1283 641 1379 709 Iliade
1412 643 1511 707 habes
1533 652 1589 706 eut
1611 643 1785 725 γλαυκῶπις
1813 637 1921 732 Ἀθήνῃ
1954 645 2022 708 sive

172 761 331 856 Ἀθηναίῃ,
358 776 414 831 aut
436 767 599 845 absolute,
622 774 659 829 ut
681 767 786 849 ajunt,
815 765 947 849 ponitur
968 763 1155 834 Γλαυκῶπις.
1199 761 1472 840 obversabantur,
1510 763 1635 845 opinor,
1658 762 1752 843 hujus
1775 772 1891 846 poetae
1913 765 2022 830 anino

172 885 288 968 3433
318 885 352 950 ἐκ
379 887 501 952 πάντων
527 886 563 950 δὲ
583 884 717 971 μάλιστα
739 885 809 955 debr
834 883 1018 968 γλαυκώπιδι
1045 882 1140 969 κούρῃ
1170 891 1202 946 et
1230 907 1258 946 αι
1285 884 1347 947 518
1376 880 1544 965 εδξιξιιενος
1567 880 1663 968 κούρῃ
1689 881 1876 963 γλαυκώπιδι
1902 883 1952 950 καλ
1978 883 2023 954 Ari

175 1003 278 1090 παιγού
312 1003 436 1069 Versus
463 1014 573 1069 autem
606 1005 650 1070 28
677 1005 727 1068 καλ
760 1002 901 1089 Πρίαμος
919 1003 969 1067 καλ
998 1003 1074 1073 λαδι·
1091 996 1288 1086 Ἄλιξάνῲου
1320 996 1397 1064 ἕνεκ’
1423 999 1501 1086 depr
1525 1020 1568 1064 ex
1592 997 1719 1064 duobus
1753 1000 1820 1066 aliis
1854 1011 1903 1066 est
1936 1022 2021 1068 com-

176 1125 319 1206 positus,
354 1122 660 1201 scilicet447.165
687 1119 803 1187 additis
824 1141 868 1185 ex
891 1121 921 1188 Z
940 1122 1005 1202 356
1028 1122 1133 1184 verbis
1154 1115 1351 1206 Ἀλεξάνδρου
1372 1114 1450 1184 ἕνεκ’
1471 1118 1555 1207 ‹ir-pr.
1584 1118 1696 1182 Verbo
1723 1129 1832 1184 autem
1853 1120 1930 1192 λαύς
1949 1121 2021 1189 alibi

179 1243 343 1325 genitivus
367 1241 517 1328 Πριάμοιο
532 1239 664 1326 ¹additus
687 1261 758 1305 esse
780 1239 871 1304 solet.
909 1238 1012 1321 Quid?
1047 1236 1136 1321 quod
1162 1239 1258 1324 paulo
1288 1239 1366 1303 inira
1391 1259 1420 1303 ν.
1443 1251 1484 1318 37
1506 1236 1546 1302 ad
1568 1259 1639 1302 earn
1661 1236 1804 1303 mutandi
1826 1248 1924 1324 poeta
1948 1261 2021 1326 pro-

177 1379 309 1442 gressus
333 1372 383 1426 est
406 1361 580 1438 licentiam,
608 1369 645 1424 ut
672 1359 725 1423 vel
753 1359 908 1444 pluralem
931 1360 962 1422 in
984 1358 1145 1423 locutione
1178 1358 1332 1424 simillima
1365 1359 1498 1443 parique
1520 1359 1680 1422 sententia
1701 1356 1852 1422 adhibere
1875 1379 1942 1426 non
1963 1358 2021 1426 du·

174 1482 338 1544 bitaverit:
363 1481 413 1545 καλ
435 1480 543 1566 nostor
566 1479 698 1566 Πριάμῳ
719 1477 819 1544 λαοῖσί
838 1501 881 1543 ce.

283 1599 424 1664 Versum
446 1615 483 1680 31
511 1595 575 1664 ἀλλ’
597 1601 652 1664 dre
673 1599 760 1687 δῃρ·
784 1597 819 1662 ἐκ
842 1601 904 1663 τοῖο
926 1597 1106 1686 δυωδεκάτῃ
1128 1596 1224 1681 γένει’
1241 1597 1308 1685 ῃώς
1324 1598 1384 1662 hoc
1406 1596 1477 1660 loco
1499 1615 1567 1660 non
1587 1599 1664 1660 satis
1686 1607 1761 1681 apte
1782 1616 1855 1662 esse
1877 1600 2019 1682 positum

175 1727 263 1782 recte
292 1717 517 1784 Lachmannus
544 1716 715 1784 contendit.
750 1717 868 1782 Exstat
896 1715 978 1781 idem
1003 1736 1031 1780 v.
1056 1717 1101 1781 rh.
1125 1720 1151 1783 A
1173 1731 1246 1798 493.
1280 1716 1429 1800 Utroque
1456 1716 1528 1780 loco
1559 1737 1625 1780 non
1653 1717 1769 1794 babes,
1804 1736 1871 1800 quo
1900 1717 2018 1784 reseras

173 1833 252 1900 illud
286 1837 346 1914 „dx
369 1839 464 1902 τοῒο“.
504 1837 557 1900 Ex
593 1856 689 1901 versu
724 1835 855 1902 demum
891 1849 951 1914 107
974 1845 1007 1900 et
1035 1857 1078 1899 ex
1106 1856 1135 1899 v,
1164 1850 1229 1916 413
1255 1836 1328 1900 licet
1357 1835 1511 1916 oonjicere
1538 1837 1599 1899 hoc
1627 1835 1700 1899 loco
1728 1833 1795 1900 dies
1823 1837 1864 1900 ab
1892 1857 1934 1900 eo
1956 1833 2017 1915 die,

173 1975 244 2037 quo
267 1955 389 2020 Hector
410 1967 459 2020 est
483 1959 621 2034 occisus,
650 1975 722 2020 esse
750 1953 972 2020 numerandos.
991 1957 1015 2034 ¹)
1051 1953 1148 2037 Quod
1177 1975 1254 2020 vero
1282 1954 1355 2020 dicit
1381 1965 1479 2040 poeta
1501 1956 1743 2044 ,,δυιοδικάιῃ“,
1764 1957 1827 2020 hoc
1849 1955 1937 2020 nullo
1960 1975 2018 2022 nu·

173 2093 268 2138 mero
291 2072 414 2139 videtur
436 2095 523 2152 esse,
546 2077 760 2157 nequeenim
783 2077 890 2138 minus
914 2073 1084 2140 commode
1107 2073 1187 2138 voce
1210 2075 1377 2162 ,,δεκάι·ῃ“
1399 2085 1526 2159 poterat
1548 2077 1595 2138 uti
1617 2076 1683 2160 (cfr.
1708 2095 1737 2138 ν.
1762 2074 1848 2158 784).
1881 2073 2018 2140 Videtur

171 2203 288 2257 autem
310 2194 360 2256 hic
383 2213 495 2258 versus
513 2194 579 2275 jam
602 2195 840 2276 antiquissimae
861 2196 968 2277 poesis
993 2195 1103 2278 epicae
1126 2194 1222 2256 luisse
1245 2196 1402 2277 proprius.

280 2310 350 2395 Jam
386 2333 482 2397 supra
516 2312 596 2389 dixi,
630 2313 809 2398 permultos
842 2313 936 2394 hujus
959 2312 999 2377 de
1021 2333 1084 2395 qua
1106 2315 1230 2396 agimus
1263 2311 1452 2396 rhapsodiae
1488 2332 1600 2376 versus
1621 2314 1653 2376 in
1675 2314 1740 2378 aliis
1772 2314 1961 2377 carminibus
1983 2325 2016 2378 et

174 2429 280 2494 Iliadis
302 2441 334 2494 et
358 2429 505 2514 Odyssae
533 2435 675 2496 inveniri.
710 2429 823 2514 Neque
847 2442 956 2496 tamen
978 2435 1193 2496 necessarium
1215 2451 1287 2494 esse
1309 2441 1404 2516 puto,
1436 2429 1476 2494 de
1498 2451 1697 2514 unoquoque
1722 2453 1819 2496 versu
1844 2432 1894 2496 vel
1917 2434 2015 2498 hemi·

172 2549 288 2613 sticbio
316 2553 491 2615 accuratius
519 2549 681 2635 disputare
702 2563 734 2615 et
756 2572 847 2616 suam
869 2553 984 2633 cuique
1011 2553 1173 2636 propriam
1196 2553 1286 2634 quasi
1309 2548 1435 2629 sedem,
1469 2553 1495 2614 si
1529 2548 1657 2633 quidem
1681 2553 1748 2615 fieri
1770 2561 1894 2636 potest,
1928 2557 2015 2618 attri-

173 2671 290 2733 buere:
315 2667 354 2732 de
377 2672 413 2733 iis
435 2679 560 2733 tantum
584 2672 743 2749 versibus,
777 2675 809 2734 in
842 2671 958 2753 quibus
980 2669 1141 2752 singulare
1169 2667 1319 2752 quiddam
1341 2668 1467 2737 videtur
1489 2673 1593 2734 inesse
1615 2673 1735 2752 quique
1758 2673 1938 2754 graviorem
1961 2673 2015 2736 ha·
2145 2662 2150 2690 ⁸

174 2789 254 2851 beot
277 2787 504 2866 offensionem,
528 2792 704 2854 accuratius
726 2787 887 2854 disseram.

276 2927 306 2970 v.
329 2921 374 2985 40
395 2899 424 2993 ᾦ
448 2903 511 2973 οὔτ’
533 2907 573 2994 dn
595 2908 709 2994 φρένες
728 2908 800 2972 elain
825 2906 967 2994 ἐναίσιμοι
992 2905 1065 2971 οὔτε
1092 2908 1191 2996 νύῃμα

172 3028 328 3111 γναμπτὸν
350 3027 393 3091 dvi
411 3025 572 3116 σιῃιδεοσιι
604 3030 637 3090 in
667 3047 750 3090 voce
773 3027 887 3114 νύῃμα,
918 3046 1002 3109 quae
1032 3025 1160 3109 quidem
1184 3029 1315 3090 omnino
1338 3029 1369 3090 in
1392 3029 1622 3110 antiquioribus
1651 3027 1753 3093 Iliadis
1781 3030 1923 3114 partibus
1945 3049 2013 3094 non

173 3142 430 3228 deprehenditur,
461 3147 592 3209 forsitan
620 3145 747 3210 silentio
775 3166 841 3210 non
868 3149 908 3210 sit
935 3144 1254 3230 praetermittendum
1277 3145 1431 3210 hocloco
1457 3157 1598 3231 excepto
1620 3151 1692 3211 voci
1714 3148 1755 3212 illi
1777 3167 1844 3212 non
1872 3147 1943 3214 addi
1970 3150 2015 3214 ἐνλ

173 3263 336 3353 στήθεσσι,
361 3263 448 3348 quod
464 3267 591 3350 saepius
607 3265 723 3350 legitur
738 3267 769 3328 in
788 3263 903 3348 Odyss.
928 3260 993 3329 ἀλλ’
1015 3265 1051 3329 ού
1074 3287 1097 3329 s.
1121 3265 1183 3330 alsi
1203 3289 1247 3330 ror
1270 3268 1403 3329 τοιοῦτον
1424 3265 1467 3330 ἐνὶ
1487 3265 1633 3354 στήθεσσι
1647 3267 1745 3354 νύῃμα
1763 3293 1786 3354 ρ
1809 3271 1875 3334 203
1897 3293 1913 3331 ν
1934 3271 2012 3336 330.

174 3383 284 3448 Habes
300 3406 398 3469 porro
408 3386 434 3468 β
444 3387 511 3452 363
523 3385 545 3457 ξ
555 3387 621 3451 273
632 3385 675 3449 ἐνλ
685 3385 776 3471 φρεολ
792 3387 881 3449 τοῦτο
893 3385 1006 3474 νύῃμα,
1022 3386 1078 3449 ubi
1094 3385 1288 3468 significatur
1304 3384 1508 3462 „consilium,
1524 3389 1726 3470 propositum
1734 3394 1761 3450 “.
1785 3386 1897 3470 Atque
1916 3409 2013 3474 saepe

172 3501 300 3585 quidem
314 3506 412 3568 verbo
426 3509 504 3569 νοεῖν
517 3503 701 3588 adjungitur
715 3503 819 3591 φρεού,
832 3502 939 3591 θυμῷ,
951 3504 1028 3569 κατὰ
1037 3503 1136 3591 φρένα
1151 3507 1200 3569 καλ
1218 3505 1296 3569 κατὰ
1305 3503 1415 3590 ύυμύν,
1427 3503 1511 3568 unde
1523 3505 1679 3570 efficiatur
1691 3507 1879 3590 significatio
1892 3507 2011 3572 intelle-

172 3622 281 3708 gendi,
305 3626 337 3687 in
360 3624 419 3687 hac
435 3633 543 3688 autern
560 3624 665 3708 thaps.
680 3643 709 3686 v.
724 3637 891 3703 294=312
904 3624 937 3689 ἐν
947 3622 1130 3710 ὀφθαλμοῖσι
1153 3625 1266 3712 νοήσας
1274 3634 1305 3689 et
1323 3625 1428 3689 0422
1439 3623 1621 3711 ὀφθαλμοῖοι
1632 3630 1737 3714 νοῆσαι
1755 3627 1898 3690 similiter
1914 3636 2011 3710 atque

172 3745 260 3820 λδεῖν,
283 3745 360 3829 δρᾶν
381 3743 446 3826 (ἐν)
469 3742 651 3828 ὀφθαλμοῖσι
668 3741 708 3805 de
719 3745 754 3807 iis
771 3741 954 3808 dictumest
970 3745 1080 3820 rebus,
1104 3763 1187 3825 quae
1199 3747 1230 3808 in
1243 3753 1450 3827 conspectum
1465 3742 1580 3808 cadunt
1596 3744 1761 3826 oculisque
1782 3747 2008 3830 percipiuntur.

177 3859 265 3925 Idem
292 3861 408 3944 legitur
429 3861 514 3943 hym.
539 3861 622 3925 Ven.
646 3860 688 3941 83
707 3863 752 3951 μῃ
771 3888 822 3947 μιν
846 3863 1027 3952 ergodiocten
1049 3863 1081 3927 ἐν
1102 3862 1284 3950 ὀφθαλμοῖσι
1305 3864 1425 3951 νοήσας.

274 4001 304 4044 v.
328 3983 372 4047 43
393 3980 441 4043 ἐπὶ
451 3981 535 4066 μῆλα
549 3981 689 4065 βροτῶν,
711 3980 758 4046 ἵνα
781 3981 871 4045 δαῖτα
886 3983 1021 4069 λάβῃσιν.
1044 3981 1081 4045 ln
1101 4002 1165 4046 una
1187 4004 1223 4047 re
1245 3984 1396 4046 homerici
1419 3985 1574 4047 sermonis
1589 4003 1684 4046 usum
1707 3983 1865 4067 neglexit,
1888 3988 2007 4049 etenim

172 4099 362 4163 vocabulum
386 4099 455 4169 dui<
473 4100 502 4161 h.
526 4097 544 4160 l.
569 4096 609 4160 de
631 4117 702 4162 esca
730 4101 903 4163 bestiarum
927 4112 1108 4184 usurpatur,
1132 4104 1280 4166 omnibus
1303 4102 1369 4166 aliis
1393 4103 1484 4180 locis,
1512 4104 1566 4184 qui
1589 4113 1663 4166 sunt
1685 4102 1848 4186 permulti,
1883 4101 1923 4168 de
1952 4107 2008 4169 ho·

174 4219 296 4282 minum
319 4220 391 4282 cibo
408 4217 531 4301 legitur.
574 4216 621 4280 At
647 4217 783 4281 fortasse
798 4219 827 4281 h.
845 4219 863 4282 l.
880 4217 953 4282 ideo
976 4229 1083 4303 potest
1106 4224 1267 4300 excusari,
1291 4219 1378 4304 quod
1400 4224 1431 4284 in
1454 4222 1544 4286 simili
1560 4219 1590 4285 id
1605 4221 1722 4285 factum
1739 4243 1810 4285 esse
1828 4221 2009 4310 videmus.²)

280 4335 315 4398 ln
337 4357 366 4398 v.
390 4351 433 4412 44
455 4336 553 4398 habes
577 4337 628 4399 ύιι.
645 4337 700 4422 elo.
722 4335 816 4402 ἔλεον.
839 4336 951 4420 Atque
966 4339 1037 4402 huic
1056 4343 1128 4404 voci
1150 4361 1227 4404 sane
1249 4339 1366 4424 aliquid
1388 4339 1590 4404 tribuendum
1613 4362 1684 4405 esse
1706 4329 1831 4406 censen.
1857 4343 1948 4424 Quae
1969 4344 2007 4406 ad

172 4451 306 4518 eandem
330 4457 460 4538 stirpem
488 4455 669 4519 reseruntur
691 4467 765 4520 sunt
794 4454 878 4540 apud
901 4457 1080 4521 Homerum
1110 4433 1201 4522 haec:
1232 4460 1364 4531 ἐλεεινός
1383 4481 1495 4544 saepe,
1524 4460 1619 4524 ἐλεέαι
1641 4463 1715 4526 207.
1737 4463 1810 4527 301.
1832 4465 1910 4528 332.
1932 4465 2007 4531 357.

172 4577 249 4640 503.
261 4574 299 4638 al.
316 4573 453 4662 ἐλεήμων
469 4596 486 4637 ε
500 4575 569 4640 191.
585 4573 711 4663 ἐλεῃτύς
727 4576 774 4640 bis
791 4578 822 4639 in
839 4573 969 4660 Odyss.,
992 4575 1123 4663 ἐλεαζοιο
1141 4592 1188 4656 19.
1206 4591 1256 4658 23.
1277 4593 1337 4658 174
1351 4579 1389 4643 al.
1404 4579 1547 4664 Simplex
1563 4579 1624 4642 hoc
1639 4600 1706 4642 uno
1721 4583 1881 4645 invenitur
1897 4581 2007 4664 loco.³)

274 4950 295 5020 ¹)
312 4952 354 5001 cir.
373 4951 548 5002 Friedlaendcr
564 4951 579 5000 l.
598 4951 614 5000 l.
633 4966 687 5016 pag.
706 4953 736 5002 61
757 4951 829 5001 Faesi
846 4950 885 5000 ad.
904 4952 928 5001 h.
947 4953 962 5001 l.

272 5052 295 5121 ²)
312 5053 353 5103 cfr.
372 5054 446 5104 Faesi
462 5054 494 5103 ad
512 5055 536 5103 h.
555 5054 570 5103 l.

272 5154 294 5224 ³)
312 5155 449 5220 Liesegang
466 5157 482 5206 l.
500 5156 516 5206 l.
535 5171 590 5220 pag.
612 5166 638 5206 ll
660 5156 702 5206 cir.
722 5161 809 5208 contra
826 5157 953 5207 Duentzer
969 5158 985 5208 l
1003 5160 1019 5208 l.
1039 5173 1093 5223 pag.
1113 5167 1162 5216 333
1181 5158 1253 5208 Anm.
