4528 5820
1069 336 1088 399 7

153 523 356 611 rhapsodiam
376 528 556 610 composuit
580 529 612 591 in
635 546 729 590 suum
752 547 847 590 usum
869 535 1058 591 convertere
1081 547 1149 590 non
1171 525 1341 610 dubitavit3
1375 526 1448 592 dicit
1471 529 1556 592 enim
1575 525 1613 591 de
1631 527 1754 591 Achille
1769 564 1811 576 -
1826 545 1855 591 ν.
1873 531 1904 594 5.
1920 527 1994 592 οὐδέ

148 669 200 729 μιν
223 643 317 716 ὕπνος
334 635 403 731 ᾔρει
426 645 645 731 πανδαμάτωρ.
685 644 799 727 Neque
821 646 897 710 mihi
920 643 1049 729 quidem
1079 643 1203 711 videtur
1232 667 1304 710 esse
1331 644 1478 724 dubium,
1515 649 1591 729 quin
1619 647 1712 728 hujus
1740 656 1857 731 poetae
1884 649 1992 711 animo

152 783 226 827 cum
249 767 411 848 pangebat
433 766 531 828 verba
554 786 583 827 v.
612 769 639 829 7.

357 900 456 966 ὁπόσα
479 900 645 965 τολύπευσε
666 901 720 966 mlv
742 899 831 987 αὐτῷ
852 903 902 967 καὶ
924 901 1022 966 πάθεν
1044 899 1150 985 ἄλγεα,

151 1040 297 1102 eaquae
329 1019 442 1084 Ulixes
471 1019 643 1104 Calypsoui
677 1022 839 1107 nymphae
862 1044 887 1085 ε.
910 1023 988 1088 223.
1011 1019 1070 1109 ἤδη
1092 1021 1151 1107 ydo
1176 1022 1262 1107 μάλα
1291 1015 1374 1085 πόλλ’
1403 1019 1519 1085 ἔπαθον
1547 1021 1596 1084 καὶ
1617 1015 1700 1084 πόλλ’
1727 1019 1863 1110 ἐμόγησα
1884 1019 1993 1104 κύμασι

149 1157 201 1220 καὶ
231 1156 353 1242 πολέμῳ
382 1165 415 1219 et
443 1154 639 1220 Phaeacibus
667 1155 699 1220 6.
722 1159 786 1222 155
814 1157 849 1228 ὃς
874 1159 942 1242 πρὶν
968 1157 1026 1242 μὲν
1051 1159 1137 1244 μάλα
1166 1151 1248 1222 πόλλ’
1276 1155 1393 1221 ἔπαθον
1420 1159 1470 1221 καὶ
1498 1155 1580 1220 πόλλ’
1614 1157 1750 1244 ἐμόγησα
1782 1165 1902 1232 narrat,
1936 1157 1993 1220 ob-

152 1284 281 1339 versata
320 1278 390 1339 sint.
442 1275 593 1358 Spectant
631 1284 740 1339 autem
774 1276 852 1338 haec
886 1274 1050 1359 Odysseae
1085 1279 1183 1340 verba
1217 1279 1286 1341 sine
1318 1273 1415 1339 dubio
1444 1273 1483 1338 ad
1511 1276 1649 1360 pericula
1683 1276 1747 1353 illa,
1790 1294 1873 1357 quae
1907 1274 1993 1338 Ulixi

150 1403 237 1457 terra
270 1397 412 1477 marique
448 1404 538 1458 erant
571 1392 747 1459 subeunda.
803 1393 939 1458 Constat
975 1397 1075 1472 enim,
1115 1397 1243 1460 Graecis
1278 1416 1344 1458 non
1373 1395 1506 1477 Trojam
1540 1396 1723 1478 petentibus
1763 1392 1818 1458 sed
1847 1415 1866 1456 a
1895 1392 1992 1474 Troja

149 1511 375 1590 redeuntibus,
406 1516 567 1577 maximos
595 1515 720 1578 labores
744 1516 840 1579 luisse
868 1513 1060 1578 tolerandos.
1107 1513 1231 1579 Versus
1259 1526 1367 1579 autem
1395 1518 1425 1581 8.
1452 1515 1575 1597 ἀνδρῶν
1605 1538 1639 1578 τε
1667 1513 1835 1598 πτελέμους
1853 1513 1997 1596 ἀλεγεινά

151 1655 188 1696 τε
215 1632 336 1718 κύματα
367 1632 479 1718 πεζοιον
513 1635 604 1716 utqui
639 1654 766 1718 semper
799 1631 839 1697 de
873 1631 968 1697 Ulixe
1004 1632 1052 1715 (u.
1078 1637 1149 1701 183.
1179 1660 1202 1698 ν.
1233 1637 1288 1712 31,
1317 1635 1398 1716 264)
1432 1644 1620 1718 usurpetur,
1660 1635 1689 1697 h.
1717 1634 1735 1697 l.
1764 1632 1802 1698 ad
1832 1633 1992 1697 Achillem

151 1753 323 1828 referatur,
348 1755 410 1815 utri
434 1754 538 1837 aptior
560 1754 599 1815 sit
622 1750 706 1815 haud
722 1749 846 1816 dillicile
862 1755 920 1816 erit
938 1750 978 1815 ad
997 1750 1242 1833 dijudicandum.
1273 1753 1349 1817 Duo
1365 1761 1531 1838 praeterea
1546 1763 1621 1816 sunt
1636 1754 1713 1831 loci,
1737 1756 1791 1836 qui
1807 1754 1870 1816 huc
1885 1755 1992 1816 vocari

153 1880 305 1957 possunt:
330 1872 375 1934 rh.
402 1871 423 1934 Ι.
448 1869 512 1951 328
535 1892 589 1952 sq,
613 1873 667 1935 ubi
690 1883 755 1935 tres
777 1883 810 1935 et
833 1874 944 1956 viginti
965 1873 1062 1936 urbes
1083 1893 1102 1935 a
1124 1894 1160 1936 se
1182 1881 1291 1957 captas
1307 1883 1339 1935 et
1354 1870 1492 1958 direptas
1509 1872 1648 1936 Achilles
1671 1873 1837 1956 gloriatur,
1860 1883 1892 1934 et
1908 1891 1992 1954 quae

153 1989 214 2054 Od.
239 1991 352 2072 7103.
377 2010 444 2073 sqq.
476 1987 595 2053 Nestor
616 1990 811 2054 Telemacho
840 2002 955 2054 narrat.
996 1990 1144 2087 Forsitan
1173 2002 1282 2056 autem
1305 1993 1349 2056 sic
1371 1994 1479 2075 potius
1502 2013 1553 2055 res
1576 2013 1610 2054 se
1632 1992 1763 2068 habeat,
1803 2000 1839 2054 ut
1861 1999 1991 2076 poetam

152 2110 182 2172 h.
217 2109 235 2172 l.
271 2107 311 2171 de
350 2109 586 2172 narrationibus
620 2109 816 2190 aequalium,
861 2111 997 2192 cyclicos
1031 2109 1115 2188 dico,
1154 2112 1312 2194 cogitasse
1346 2118 1539 2187 statuamus,
1582 2112 1636 2192 qui
1670 2109 1828 2174 Achillem
1860 2110 1991 2191 Trojam

153 2229 372 2313 profecturum
395 2225 434 2290 ad
458 2226 592 2291 insulam
617 2227 750 2310 Scyrum
773 2226 913 2292 delatum
936 2251 1008 2293 esse
1030 2227 1233 2293 tradiderunt.

257 2363 410 2428 Ceterum
432 2384 483 2425 vv.
508 2364 595 2442 6-9
616 2366 671 2446 qui
695 2363 823 2446 quidem
846 2375 929 2430 teste
951 2364 1164 2450 Liesegangio
1187 2368 1227 2430 ab
1249 2366 1311 2431 alio
1334 2365 1473 2449 quodam
1496 2370 1702 2451 grammatico
1725 2388 1763 2430 ea
1784 2363 1824 2429 de
1847 2375 1992 2430 causant

153 2484 381 2571 ,,ἐμρρ6νςητοι
403 2482 564 2570 ῥηματίων
592 2484 790 2570 κακοσχόλως
814 2484 979 2573 ἐχόμενοι“
1021 2487 1299 2570 vituperabantur,
1337 2487 1402 2567 jam
1430 2487 1471 2549 ab
1499 2485 1716 2570 Aristophane
1743 2493 1775 2548 et
1804 2484 1992 2549 Aristarcho

153 2606 268 2669 remoti
291 2613 375 2668 sunt.
405 2602 523 2687 (Schol.
549 2603 622 2679 „dre
644 2603 779 2675 εὐτελεῖς
798 2604 919 2688 ελσίν“).

256 2740 293 2805 ln
317 2762 383 2818 vv.,
406 2742 461 2821 qui
478 2739 544 2820 jam
567 2750 745 2823 sequuntur
771 2755 808 2805 12
832 2763 877 2824 sq.
901 2778 943 2790 —
965 2742 1038 2808 οὐδέ
1056 2766 1107 2826 μιν
1129 2741 1193 2826 ἠὼς

358 2876 523 2963 φαινομένη
549 2875 699 2964 λήθεσκεν
721 2877 808 2964 dreia
830 2874 917 2942 (ἵλατ’
940 2878 1045 2965 ὴϊρνας
1066 2901 1100 2942 τε
1128 2887 1244 2962 poetae
1272 2876 1479 2940 obversatum
1512 2875 1608 2940 luisse
1636 2885 1716 2961 puto
1747 2875 1852 2939 locum
1874 2875 1990 2960 Odyss.

405 3036 439 3099 χ.
460 3015 531 3080 137.
554 3012 627 3078 οὐδὲ
648 3008 711 3096 σέγ’
734 3013 886 3101 ἠριγένεια
909 3016 978 3099 παρ’
1002 3009 1157 3080 Ὠκεανοιο
1176 3013 1282 3099 ῥοάων

154 3149 238 3238 λήσει
260 3148 451 3237 ἐπερχομένη
469 3146 688 3237 χρυσόθρονος.
723 3148 835 3231 Atque
857 3149 944 3234 ὑπεὶρ
966 3149 1026 3213 ἅλα
1049 3149 1147 3212 habes
1170 3148 1198 3213 d.
1221 3149 1293 3214 172.
1315 3172 1342 3230 γ.
1367 3150 1417 3213 73.
1434 3172 1452 3212 ι.
1471 3151 1547 3214 261.
1561 3185 1604 3195 -
1620 3148 1703 3233 παοὰ
1718 3143 1775 3212 θῖν’
1790 3149 1903 3220 ἁλόςΑ
1919 3149 1992 3214 316.

152 3272 228 3336 327.
251 3271 276 3334 Λ
300 3271 377 3334 622.
399 3292 426 3332 κ.
448 3271 519 3333 179.

256 3403 341 3468 Scite
363 3402 585 3468 animadvertit
608 3403 852 3488 Liesegangius:
878 3407 910 3468 in
925 3404 1011 3469 nulla
1027 3402 1129 3468 Iliadis
1152 3401 1324 3487 rhapsodia
1346 3411 1395 3467 tot
1418 3412 1498 3485 quot
1522 3405 1553 3466 in
1576 3403 1634 3466 hac
1655 3399 1849 3489 deprehendi
1870 3407 1988 3467 lormas

154 3527 315 3590 iterativas
338 3544 368 3606 q.
394 3544 422 3586 v.
457 3523 527 3606 Jam
551 3523 641 3588 liceat
665 3525 741 3588 mihi
764 3525 903 3588 breviter
924 3533 1071 3609 repetere
1094 3525 1216 3605 tibique
1238 3531 1314 3586 ante
1336 3522 1446 3586 oculos
1475 3525 1565 3604 quasi
1591 3525 1802 3602 constituere,
1836 3544 1919 3606 quae
1943 3527 1990 3588 vir

155 3627 206 3692 ille
227 3625 430 3691 doctissimus
453 3623 493 3688 de
515 3627 574 3689 hac
596 3647 631 3690 re
654 3624 809 3690 disseruit.
849 3624 987 3690 Formae
1009 3627 1174 3689 iterativae
1202 3628 1334 3688 omnino
1362 3645 1429 3689 non
1451 3624 1602 3708 leguntur
1624 3628 1655 3691 in
1677 3627 1722 3690 rh.
1747 3627 1792 3704 M,
1815 3645 1878 3690 una
1899 3630 1931 3690 in
1954 3627 1989 3703 K,

153 3744 235 3810 duae
250 3750 283 3811 in
301 3747 375 3825 Eo,
398 3755 463 3811 tres
486 3747 517 3810 in
539 3748 607 3824 ΑΨ,
630 3757 769 3828 quatuor
791 3749 823 3810 in
845 3747 887 3824 Ζ,
910 3749 1052 3830 quinque
1075 3748 1107 3809 in
1131 3743 1249 3823 ΔΗΤΥ,
1271 3763 1331 3808 sex
1354 3747 1385 3808 in
1413 3745 1481 3821 Olli,
1504 3755 1627 3828 septem
1645 3745 1761 3823 inlu,
1783 3758 1859 3811 octo
1875 3749 1907 3810 in
1923 3745 1992 3823 ΕΠ,

153 3886 272 3930 novem
295 3869 325 3929 in
350 3866 421 3942 ΒΣ,
454 3863 565 3928 decern
587 3868 618 3929 in
643 3867 699 3942 IX,
734 3864 882 3931 undecim
904 3869 936 3931 in
958 3868 1026 3945 ΛΡ,
1058 3867 1089 3929 in
1113 3873 1224 3930 nostra
1245 3874 1354 3927 autem
1376 3863 1464 3947 rhap.
1488 3866 1606 3928 omissa
1629 3882 1711 3928 voce
1734 3865 1850 3951 ῥύσκευ
1872 3886 1902 3928 ν.
1927 3876 1991 3944 730

154 3983 220 4048 duo
246 3982 285 4047 de
314 3985 423 4068 viginti
452 4003 502 4046 vv.
531 3998 578 4048 12.
605 3999 652 4064 13.
679 3997 726 4061 15.
755 3997 792 4063 17
819 3983 909 4048 duae.
940 3999 989 4065 23.
1020 3997 1188 4064 24=739-
1212 3997 1283 4063 393-
1307 3981 1498 4060 454=45o
1522 3995 1594 4061 455-
1618 3997 1691 4063 472.
1715 3983 1787 4062 607.
1812 3996 1883 4062 752.
1908 3995 1991 4061 755,

154 4101 241 4166 unde
255 4104 357 4167 altero
381 4110 471 4166 tanto
493 4103 600 4187 plures
620 4105 651 4166 in
673 4103 733 4166 hac
755 4101 926 4188 rhapsodia
947 4104 1066 4168 formas
1088 4125 1160 4167 esse
1182 4105 1344 4167 iterativas
1359 4112 1493 4187 apparet
1508 4123 1605 4185 quam
1620 4101 1743 4168 medius
1758 4125 1855 4186 quem
1871 4113 1987 4167 vocant

154 4239 264 4284 earum
288 4232 336 4284 est
359 4241 512 4285 numerus
536 4224 567 4285 in
589 4221 717 4303 reliquis
740 4220 925 4306 rhapsodiis.

257 4353 370 4439 Neque
391 4357 465 4420 mihi
487 4358 626 4421 alienum
648 4378 720 4421 esse
743 4357 867 4423 videtur
894 4361 957 4424 hoc
984 4359 1056 4423 loco
1079 4378 1346 4435 commemorare,
1383 4357 1460 4422 nulli
1489 4356 1592 4422 Iliadis
1621 4357 1811 4444 rhapsodiae
1837 4369 1887 4423 tot
1915 4379 1987 4423 esse

155 4478 311 4544 vocabula
337 4479 518 4541 communia
540 4497 613 4541 cum
635 4475 793 4561 Odyssea:
828 4477 1006 4562 dequibus
1035 4480 1188 4562 quoniam
1217 4479 1292 4542 satis
1314 4480 1354 4541 ab
1376 4477 1457 4554 aliis,
1492 4479 1699 4541 scientissime
1721 4499 1740 4541 a
1763 4477 1988 4564 LiesegangiO,

154 4601 340 4685 expositum
363 4606 427 4674 est,
445 4595 467 4682 ¹)
501 4617 586 4662 nunc
607 4621 625 4662 a
648 4600 741 4664 nobis
762 4597 820 4663 dici
843 4599 920 4663 nihil
940 4601 1070 4682 attinet3
1104 4599 1185 4663 illinc
1206 4619 1366 4674 assumes,
1399 4617 1482 4680 quae
1504 4594 1543 4660 ad
1564 4597 1647 4660 hanc
1673 4617 1741 4661 rem
1769 4600 1987 4683 pertinebunt.

154 4715 217 4782 Sed
239 4737 279 4782 eo
298 4719 388 4808 jam,
403 4715 488 4781 unde
511 4716 641 4802 digressi
664 4739 789 4796 sumus,
813 4727 1022 4783 revertamur.

259 5025 311 5092 ¹)1.
331 5025 346 5074 l.
366 5041 420 5090 pag.
440 5026 462 5076 8.
