4528 5820
1113 391 1135 456 9

207 581 248 648 ad
272 605 344 649 eam
368 603 431 668 qua
453 582 550 648 hodie
573 582 750 668 gaudemus
783 584 1011 668 perfectionem
1039 581 1207 646 adductam
1235 581 1332 646 luisse
1361 583 1437 644 satis
1466 588 1591 645 constat
1613 615 1655 628 -
1678 599 1874 664 quamquam
1900 580 1999 646 multa
2022 583 2055 645 in

213 705 276 768 hac
299 701 468 788 rhapsodia
491 703 646 767 notabant
670 721 706 765 ac
727 703 965 786 vituperabant,
998 712 1107 766 tamen
1129 721 1197 765 non
1218 701 1308 764 facile
1329 702 1370 764 ab
1391 703 1499 764 animo
1522 704 1691 785 impetrare
1712 709 1902 784 potuerunt,
1925 708 1961 764 ut
1984 721 2056 765 eam

220 822 367 886 Homero
389 819 606 904 abjudicarent
628 827 796 904 totamque
818 823 992 904 rejicerent.
1021 820 1133 903 ltaque
1153 822 1226 902 jure
1248 821 1334 884 hunc
1356 820 1478 896 locum,
1502 801 1620 905 qnippe
1643 822 1674 882 in
1697 837 1763 902 quo
1785 817 1884 882 multa
1905 821 2055 896 inessent,

215 961 301 1024 quae
326 961 398 1004 cum
421 943 533 1004 ceteris
563 939 666 1004 Iliadis
695 941 838 1025 partibus
871 959 1016 1024 pugnare
1038 949 1070 1004 et
1092 937 1189 1003 divini
1211 938 1292 1002 illius
1314 938 1448 1004 Homeri
1470 941 1598 1022 ingenio
1621 936 1746 1021 indigna
1769 909 1840 1001 esse
1864 934 2055 1016 viderentur,

213 1063 256 1125 ab
280 1057 510 1124 Alexandrinis
535 1070 682 1123 notatum
705 1081 777 1124 esse
799 1057 946 1141 equidem
969 1058 1104 1124 libenter
1126 1078 1281 1142 agnosc0‚
1305 1059 1456 1123 athetesis
1479 1079 1546 1123 non
1568 1069 1635 1122 erat
1657 1055 1843 1122 adhibenda.

313 1178 425 1261 Atque
449 1178 550 1243 simile
573 1177 647 1260 quid
670 1182 766 1243 etiam
788 1182 821 1242 in
845 1179 1005 1254 versibus,
1028 1180 1082 1260 qui
1102 1179 1170 1260 jam
1194 1189 1373 1260 sequuntur
1396 1178 1524 1256 22-76
1545 1175 1694 1241 accidisse
1716 1174 1877 1253 videmus,
1900 1178 1955 1240 ubi
1977 1179 2053 1241 item

210 1295 422 1362 Alexandrini
444 1297 544 1360 multa
569 1301 789 1382 vituperantes
810 1295 850 1360 ad
873 1296 1040 1384 ἀθετήσεις
1058 1297 1124 1360 illas
1148 1298 1370 1381 confugerunt.
1406 1297 1488 1361 Ecce
1510 1299 1687 1382 potissima:

316 1431 342 1479 1.
368 1417 402 1479 τὸ
424 1415 560 1481 κλέπτειν
582 1416 618 1480 δι’
640 1409 747 1503 Ἑρμοῦ
768 1415 854 1488 θεοῖς
873 1416 908 1480 οὐ
931 1417 1054 1502 πρέπον.
1075 1416 1177 1498 Recte
1198 1415 1228 1481 id
1250 1414 1392 1499 quidem3
1415 1415 1502 1499 quod
1526 1436 1604 1480 vero
1620 1435 1687 1480 non
1701 1435 1814 1478 omnes
1837 1414 1879 1479 dii
1900 1425 2050 1480 auctores

210 1546 286 1600 sunt
308 1535 443 1612 consilii,
473 1555 539 1618 quo
568 1534 743 1600 Mercurius
768 1535 918 1601 Hectoris
940 1556 1058 1620 corpus
1087 1537 1183 1600 furari
1209 1537 1348 1618 jubetur,
1372 1532 1402 1598 id
1424 1537 1499 1599 mihi
1521 1553 1588 1599 non
1610 1531 1702 1597 valde
1724 1532 1905 1618 urgendum
1928 1533 2054 1600 videtur
2114 1509 2116 1516 ,

210 1675 291 1718 esse.
326 1653 388 1717 Cir.
412 1665 524 1717 contra
546 1655 641 1718 schol.
666 1652 704 1718 ad
729 1668 777 1731 25.

314 1787 341 1836 2.
368 1774 401 1837 τὸ
424 1773 559 1838 νείκεσσε
581 1770 718 1838 οὐκέστι
739 1777 835 1860 κρῖναι
864 1770 929 1839 ἀλλ’
951 1775 1109 1863 ἐπιπλῆξαι
1130 1773 1149 1861 ἢ
1172 1771 1389 1859 διαφέρεσθαι,
1424 1771 1511 1855 quod
1541 1771 1669 1854 quidem
1691 1782 1917 1856 argumentum
1939 1773 2052 1837 falsum

210 1900 275 1968 est,
307 1912 382 1955 nam
411 1892 545 1956 νείκεσσε
567 1894 628 1956 hoc
650 1893 721 1956 loco
744 1913 810 1957 non
833 1915 903 1957 eam
927 1894 1023 1957 habet
1047 1896 1126 1971 vim,
1161 1912 1224 1974 qua
1257 1893 1443 1958 scholiastae
1471 1891 1717 1956 offendebantur
1742 1890 1965 1975 judicandi-
1986 1911 2053 1956 non

210 2013 308 2095 igitur
331 2021 379 2075 est
403 2012 526 2097 κρίνειν,
550 2016 648 2083 νεῖκος
666 2011 798 2077 διαλύειν
819 2050 862 2060 -
883 2013 979 2076 hahet
1002 2015 1066 2076 vim
1089 2010 1277 2096 increpandi.
1314 2010 1402 2075 Idem
1425 2009 1629 2076 statuendum
1654 2015 1712 2075 erit
1735 2010 1775 2075 de
1798 2013 1903 2076 verbis

314 2145 343 2210 3.
368 2131 561 2216 ἡμέσαυλσς
591 2131 728 2219 σημαίνει
751 2133 804 2219 τὴν
830 2133 862 2197 έν
891 2131 956 2218 (joa
985 2131 1096 2220 οἴκησιν
1117 2125 1244 2220 Ὁμήρου
1267 2132 1527 2217 παραδεδωκότος
1546 2131 1578 2195 ἐν
1600 2130 1684 2195 ἄστει
1708 2129 1885 2218 τεθράφθαι
1907 2133 1959 2198 τὸν
1979 2123 2053 2198 Ἀλί-

211 2248 343 2334 ξανιλρον
365 2251 415 2313 καί
432 2252 577 2338 μουσικὴν
599 2250 774 2340 ἠσκηκέναι,
808 2268 881 2315 cum
909 2271 975 2314 non
1006 2262 1130 2316 constet
1161 2250 1307 2314 Paridem
1330 2255 1362 2316 in
1384 2254 1464 2316 urbe
1486 2273 1557 2316 esse
1580 2250 1749 2315 educatum
1772 2271 1879 2333 neque
1908 2271 2052 2333 unquam

210 2366 250 2431 ad
274 2387 387 2451 greges
411 2372 590 2433 revertisse.
610 2371 631 2452 ¹)

313 2501 342 2564 4.
365 2489 384 2573 ἢ
396 2489 575 2575 μαχλοσθνη
597 2494 706 2560 κοινῶς
724 2489 772 2553 ἐπὶ
794 2491 907 2572 γυναικί
924 2489 1040 2574 μανία·
1061 2489 1178 2553 θέθιοκε
1201 2485 1229 2552 θ’
1231 2489 1319 2575 αὐτῷ
1340 2489 1375 2553 σθ
1400 2491 1527 2578 ταύτην,
1549 2491 1626 2554 ἀλλὰ
1649 2491 1702 2577 τὴν
1724 2489 1884 2578 καλλίσταν
1903 2495 1965 2556 τῶν
1983 2490 2054 2554 τότε

209 2600 337 2693 Ἑλένην.
373 2599 534 2677 Ἡσιιίιλειος
553 2603 661 2672 θέστλν
682 2609 702 2693 ἡ
724 2607 810 2680 λέξις.
845 2607 882 2671 ln
914 2629 992 2671 voce
1016 2608 1195 2695 μαχλοσύνη
1223 2609 1374 2672 obscoeni
1402 2608 1550 2692 quiddam
1581 2608 1705 2674 videtur
1728 2614 1832 2674 inesse
1855 2606 1990 2691 ideoque
2012 2611 2052 2672 ab
2140 2633 2142 2638 ¹

213 2723 403 2788 Aristarcho
426 2726 604 2808 improbata
628 2737 685 2789 est.
722 2725 835 2810 Neque
857 2725 1040 2804 defuerunt,
1070 2730 1122 2809 qui
1152 2727 1202 2790 vel
1230 2737 1335 2791 totum
1362 2729 1594 2792 hemistichium
1617 2727 1805 2794 mutandum
1827 2737 2003 2792 censerent.
2026 2728 2053 2812 ²)

313 2855 342 2918 5.
369 2844 422 2930 rja
445 2845 513 2930 περὶ
535 2845 664 2916 κάλλους
683 2846 777 2931 κρίσιν
799 2847 853 2911 οὐκ
874 2846 955 2911 older
985 2847 1122 2933 πολλαχῇ
1143 2847 1202 2934 γὰρ
1225 2846 1262 2911 ἂν
1283 2847 1430 2938 ἐμνήσθη.
1459 2849 1511 2912 clr.
1542 2849 1636 2912 schol.
1660 2849 1684 2913 Δ
1706 2852 1760 2914 52.
1782 2850 1828 2912 ὅτι
1852 2848 1967 2912 τούτων
1990 2853 2052 2912 τῶν

211 2962 331 3026 πθλειυν
353 2962 442 3027 ἕνεκα
465 2963 521 3048 (sc.
542 2955 647 3049 Ἄρρος
668 2987 702 3028 τε
724 2965 856 3054 Σπάρτη
879 2965 925 3047 τε)
948 2966 1137 3052 συνεμάχουν
1160 2969 1221 3037 τοῖς
1233 2957 1384 3054 Ἕλλησιν,
1411 2968 1447 3031 οὐ
1469 2967 1517 3032 διὰ
1544 2969 1577 3032 th
1598 2965 1815 3053 ἀποκεκρίσθαι
1836 2967 1894 3031 ὑπὸ
1920 2963 2051 3041 Ἀλεξάν·

213 3082 289 3167 θρου
314 3083 347 3145 τὸ
369 3083 481 3154 κάλλος
501 3082 614 3159 αὐτῶν,
636 3084 712 3170 ὅπερ
735 3085 790 3148 οὐκ
811 3084 893 3148 σλὸεν
908 3076 1048 3170 Ὅμηρος.
1081 3084 1176 3165 Quod
1194 3083 1348 3167 judicium
1365 3088 1440 3151 mihi
1455 3107 1586 3170 quoque
1601 3089 1813 3150 rectissimum
1829 3084 1953 3149 videtur
1968 3108 2049 3153 esse.

215 3201 277 3282 Qui
301 3203 385 3264 enim
406 3203 474 3265 fieri
496 3212 639 3286 poterat,
662 3212 698 3265 ut
721 3206 882 3285 antiquior
903 3204 1034 3286 quilibet
1063 3215 1160 3289 poeta
1186 3208 1363 3269 certaminis
1392 3203 1485 3284 illius,
1515 3203 1602 3288 quod
1631 3208 1713 3269 inter
1735 3216 1800 3269 tres
1822 3205 1889 3268 illas
1913 3202 1988 3268 deas
2011 3183 2051 3266 de
2133 3263 2136 3272 ,

215 3319 451 3405 pulchritudine
475 3332 581 3385 ortum
605 3332 668 3398 est,
691 3343 757 3404 quo
778 3322 854 3386 nihil
877 3325 942 3387 iere
965 3333 1078 3407 postea
1101 3325 1157 3408 (sc.
1181 3332 1287 3388 aetate
1310 3324 1439 3408 cyclica)
1454 3325 1567 3388 clarius
1583 3334 1650 3388 erat
1673 3325 1735 3388 hoc
1758 3325 1829 3387 loco
1852 3326 2051 3388 mentionem

211 3439 342 3502 faceret!
378 3438 544 3523 Nusquam
575 3461 680 3523 neque
710 3443 741 3504 irr
772 3441 868 3506 Iliade
896 3463 1002 3525 neque
1024 3445 1055 3506 in
1079 3440 1225 3524 Odyssea
1247 3463 1505 3526 -quamquam
1534 3455 1599 3508 tam
1628 3465 1724 3528 saepe
1754 3443 1822 3509 fieri
1850 3452 1976 3528 poterat
2000 3441 2049 3506 vel

210 3556 292 3620 adeo
314 3579 446 3622 necesse
468 3568 536 3623 erat
558 3597 602 3606 -
624 3561 676 3622 cfr,
701 3563 726 3623 si
748 3561 851 3644 placet
876 3561 899 3625 Δ
921 3565 963 3628 31
984 3581 1068 3644 sqq,
1103 3563 1157 3624 ubi
1186 3563 1342 3645 patefiunt
1371 3565 1582 3648 implacabiles
1611 3562 1743 3626 lunonis
1771 3573 1803 3626 et
1833 3561 1996 3626 Minervae
2017 3565 2050 3626 in

209 3676 371 3758 Trojanos
400 3680 478 3754 irae,
512 3699 595 3760 quae
629 3681 733 3742 satiari
756 3683 814 3743 nisi
837 3681 953 3744 horum
984 3683 1114 3745 interitu
1137 3702 1200 3744 non
1224 3693 1372 3765 possent,
1401 3693 1433 3746 et
1463 3685 1491 3747 h
1516 3682 1559 3760 63
1582 3719 1623 3730 —
1647 3682 1745 3745 ullum
1769 3683 1911 3744 invenies
1933 3681 2049 3759 locum,

211 3793 297 3858 unde
326 3796 405 3858 hanc
432 3796 570 3860 fabulam
598 3797 756 3862 homerica
779 3809 884 3862 aetate
912 3799 1009 3862 fuisse
1038 3811 1148 3863 notam
1173 3803 1330 3883 conjicere
1352 3805 1464 3884 possis.
1486 3801 1511 3882 ⁸)

312 3913 424 3996 Atque
439 3919 482 3980 sic
499 3919 602 3980 visum
622 3917 800 3994 veteribus,
824 3920 878 4000 qui
897 3916 1168 4000 quemadmodum
1184 3941 1279 4004 supra
1297 3918 1450 3998 diximus,
1474 3920 1550 3984 laisa
1565 3918 1604 3983 de
1619 3917 1800 4005 primordiis
1816 3923 1924 4003 poesis
1939 3922 2051 4004 epicae

212 4035 364 4116 opinione
377 4035 487 4098 imbuti
503 4037 644 4116 artisque
661 4037 783 4098 criticae
795 4033 905 4114 rudes,
922 4057 1005 4119 quae
1015 4041 1128 4101 ceteris
1140 4037 1243 4102 Iliadis
1259 4040 1403 4123 partibus
1413 4042 1650 4124 repugnabant,
1664 4061 1701 4102 ea
1713 4036 1852 4103 tollenda
1869 4060 1940 4102 esse
1951 4050 2052 4122 atque

212 4147 347 4214 delenda
360 4149 550 4232 judicabant.
572 4151 685 4235 Neque
703 4174 745 4217 ex
761 4157 990 4220 recentioribus
1002 4154 1185 4235 defuerunt,
1204 4160 1320 4240 quibus
1332 4159 1392 4221 hoc
1402 4157 1552 4240 judicium
1572 4161 1780 4236 satislaceret,
1800 4178 1938 4240 quorum
1953 4178 2049 4256 unuS,

313 4373 334 4438 ¹)
352 4372 393 4422 cir.
414 4373 531 4424 Welclrer
548 4389 586 4439 ep.
606 4376 674 4439 Cycl.
693 4378 720 4427 ll
738 4392 761 4442 p.
785 4379 837 4428 116.

313 4473 334 4540 ¹)
352 4475 472 4523 invenitur
489 4481 551 4524 teste
564 4476 640 4526 Suida
658 4478 725 4541 apud
743 4481 803 4529 Hes.
824 4460 950 4540 „civem
969 4462 1167 4551 μαχλυωθνης
1185 4470 1336 4552 στυγερῆς
1356 4465 1444 4551 τέρεν
1465 4464 1581 4529 ὤλεσεν
1602 4463 1720 4536 άνθος“
1743 4484 1820 4534 Goth.
1840 4485 1901 4534 Hes.
1918 4485 1988 4546 Frag.
2005 4493 2045 4542 41.

310 4573 333 4642 ³)
356 4573 398 4624 cfr.
418 4576 490 4626 Faesi
514 4577 545 4625 ad
563 4559 592 4623 Ω
613 4562 666 4624 29.

310 4676 399 4740 Longe
427 4678 495 4726 aliter
524 4677 670 4728 Welckerus
690 4681 705 4728 l.
729 4680 743 4729 l.
763 4695 817 4744 pag.
851 4693 888 4741 14.
925 4684 987 4739 ..Da
1013 4697 1062 4734 nun
1087 4699 1118 4734 so
1142 4686 1205 4735 viele
1234 4685 1370 4736 Umsttmde
1395 4689 1418 4736 in
1443 4686 1487 4735 der
1512 4703 1604 4751 ganzen
1630 4690 1780 4738 Geschichte
1804 4689 1849 4738 seit
1873 4690 1971 4738 Homer
1996 4689 2046 4738 ein-

208 4779 313 4843 stimmig
336 4780 430 4830 eratihlt
447 4780 560 4838 werden,
594 4781 633 4831 die
660 4781 794 4846 Erlindung
812 4797 872 4833 vom
891 4785 986 4849 Kampi
1001 4785 1045 4834 der
1064 4787 1198 4836 Gottinnen
1216 4787 1276 4836 aber
1294 4802 1324 4837 so
1343 4788 1449 4844 einfach,
1478 4803 1508 4838 so
1536 4791 1616 4854 stttig,
1640 4805 1670 4840 so
1689 4791 1824 4854 geschickt.
1847 4805 1889 4840 um
1907 4791 1968 4840 alles
1985 4791 2046 4842 Fol-

208 4881 288 4944 gende
308 4882 397 4932 claraus
416 4898 447 4933 zu
465 4883 615 4934 entwickeln
633 4885 767 4941 erscheint.
796 4900 826 4935 so
850 4888 881 4936 ist
901 4888 937 4936 sie
960 4887 999 4937 bei
1018 4889 1115 4937 Homer
1131 4889 1168 4938 als
1186 4890 1328 4940 allbekannt
1345 4897 1563 4948 vorauszusetzen,
1591 4894 1669 4942 selbst
1691 4908 1764 4942 wenn
1786 4894 1821 4942 sie
1839 4894 1862 4942 in
1877 4893 1947 4958 jener
1971 4893 2048 4942 Stella

210 4985 428 5047 untergeschoben
448 4985 510 5035 oder
527 4987 647 5037 vielmehr
665 4987 709 5036 der
726 5001 802 5050 ganze
821 4990 919 5054 Gesang
937 4994 1020 5053 spater
1037 4991 1073 5039 als
1091 4992 1189 5041 Homer
1206 5007 1265 5042 war.
1289 4992 1341 5042 Wir
1358 4995 1436 5043 sehen
1453 4995 1507 5043 hier
1524 4994 1613 5057 gerade
1625 4996 1696 5044 recht
1708 4995 1828 5051 deutlich,
1850 4996 1899 5044 wie
1918 4994 1957 5044 die
1975 4993 2044 5042 hom.

207 5085 335 5150 Dichtung
356 5087 426 5137 tinen
444 5089 512 5138 ihren
531 5091 630 5139 Horern
648 5089 776 5153 allgemein
794 5092 989 5155 gegenwartigen
1007 5093 1173 5156 Hintergnmd
1192 5094 1242 5144 und
1261 5095 1296 5144 als
1315 5096 1386 5146 Theil
1404 5097 1443 5145 eiu
1461 5097 1559 5147 Ganzes
1578 5097 1621 5145 der
1639 5099 1702 5160 Sage
1719 5101 1880 5147 voraussetzt

1841 5241 1854 5280 2
