4528 5820
1058 495 1079 559 3

252 686 365 770 Atque
385 687 582 771 posteriores
607 695 696 750 vates
719 687 773 769 qui
795 684 865 750 illos
888 685 1125 768 antiquissimos
1155 685 1257 748 secuti
1278 693 1354 747 sunt
1375 691 1493 768 poetas
1513 701 1586 746 cum
1608 681 1676 746 aliis
1698 682 1775 747 locis
1799 686 1899 768 iisque
1921 703 1989 749 non

146 809 260 893 paucis
280 815 351 872 turn
372 807 404 870 in
428 807 518 870 exitu
541 813 573 868 et
596 803 701 869 Iliadis
722 813 754 868 et
771 801 938 887 Odysseae
958 802 1058 867 multa
1080 799 1238 866 addidisse
1259 813 1315 866 eut
1338 822 1451 866 omnes
1468 801 1538 883 jam
1554 811 1609 866 aut
1627 801 1754 886 plurimi
1770 805 1987 867 consentiunt.

150 924 245 1008 Quod
268 923 396 1009 quidem
417 943 490 990 cum
513 922 554 987 de
575 933 722 988 extrema
745 920 910 1007 Odysseae
932 931 1038 1006 parte,
1075 941 1159 1006 quae
1185 922 1252 1005 jam
1274 942 1293 985 a
1316 920 1493 992 clarissimis
1516 919 1573 984 illis
1599 923 1857 1004 gravissimisque
1878 923 1993 987 criticis

148 1042 378 1111 Alexandrinis
399 1042 620 1126 Aristophane
650 1052 683 1106 et
706 1040 895 1105 Aristarcho
917 1039 1064 1104 Homero
1092 1038 1272 1124 abjudicata
1294 1048 1344 1103 est
1362 1038 1399 1122 ¹),
1434 1041 1563 1103 minime
1585 1037 1717 1103 dubium
1739 1059 1811 1103 esse
1833 1037 1988 1120 videatur,

148 1165 244 1230 liceat
267 1163 342 1228 mihi
358 1160 400 1226 de
414 1171 561 1226 extrema
577 1159 680 1226 Iliadis
695 1157 880 1245 rhapsodia,
903 1157 943 1223 de
959 1179 1022 1244 qua
1037 1167 1071 1223 et
1086 1163 1155 1244 ipsa
1170 1161 1252 1224 inter
1267 1161 1353 1223 viros
1367 1155 1568 1222 doctissimos
1584 1177 1742 1222 summam
1758 1157 1989 1224 dissensionem

148 1303 223 1346 esse
244 1279 423 1358 videamus,
448 1277 522 1364 quid
538 1282 673 1344 sentiam
697 1298 864 1364 exponere
886 1275 1082 1368 docereque,
1107 1279 1222 1362 quibus
1246 1281 1279 1342 in
1301 1279 1397 1342 rebus
1419 1279 1498 1340 haec
1520 1275 1689 1362 rhapsodia
1711 1299 1729 1340 a
1752 1280 1864 1342 ceteris
1884 1277 1988 1345 Iliadis

149 1397 328 1484 rhapsodiis
351 1396 501 1464 recedere
523 1396 683 1464 censenda
706 1401 754 1463 sit.

253 1515 316 1582 Sed
338 1527 511 1600 antequam
533 1515 573 1580 ad
596 1519 696 1602 ipsam
719 1514 921 1602 rhapsodiam
944 1514 1149 1594 accedamus,
1173 1516 1263 1582 liceat
1285 1517 1362 1580 mihi
1382 1518 1564 1580 universam
1587 1517 1658 1598 ejus
1680 1526 1826 1581 naturam
1849 1519 1989 1582 breviter

147 1639 373 1722 perstringere.

251 1754 366 1838 Atque
389 1763 516 1817 tantum
539 1755 644 1832 abest,
667 1764 703 1817 ut
726 1756 758 1818 in
780 1755 838 1817 hac
859 1753 1028 1838 rhapsodia
1050 1757 1157 1818 omnia
1179 1754 1262 1818 male
1284 1766 1381 1838 atque
1403 1757 1511 1839 inepte
1532 1758 1677 1820 instituta
1699 1775 1770 1819 esse
1786 1755 1987 1835 contendam,
2070 1819 2086 1846 ⁵,

148 1884 187 1938 ut
209 1873 310 1938 multa
332 1872 546 1957 pulcherrime
569 1874 651 1936 lacta
674 1893 746 1938 esse
768 1893 835 1937 non
856 1876 974 1938 invitus
991 1872 1174 1938 concedam.
1207 1871 1321 1956 Neque
1337 1876 1421 1938 enim
1437 1872 1518 1938 adeo
1534 1885 1607 1958 post
1623 1873 1802 1937 Homerum
1819 1876 1988 1940 verisimile

150 2003 200 2056 est
216 1994 386 2056 evanuisse
402 1994 562 2076 poeticam
578 1992 761 2056 facultatem
777 1995 1018 2077 imitatoresque
1033 1993 1103 2057 illos
1119 2013 1231 2057 omnes
1247 2003 1313 2056 tam
1329 1993 1430 2057 malos
1446 1997 1598 2077 omnique
1611 2003 1679 2058 arte
1695 1993 1791 2058 fuisse
1805 1991 1986 2074 destitutos,

149 2121 185 2174 ut
208 2131 292 2194 quae
314 2109 505 2188 addiderint,
530 2112 608 2175 haec
631 2114 740 2175 omnia
762 2133 820 2176 sua
841 2122 955 2176 natura
977 2131 1091 2175 manca
1114 2131 1186 2176 esse
1204 2122 1236 2175 et
1252 2114 1360 2196 inepta
1375 2123 1520 2177 statuere
1537 2112 1636 2176 liceat.
1671 2111 1733 2176 Sed
1750 2115 1872 2176 niteant
1888 2113 1988 2177 multa

148 2231 234 2306 licet,
268 2249 375 2312 neque
398 2240 506 2294 tamen
528 2231 604 2294 mihi
627 2231 753 2294 silentio
775 2229 1046 2315 praetereundum
1070 2229 1196 2294 videtur
1218 2251 1303 2308 esse,
1340 2220 1440 2295 multa
1460 2233 1565 2313 jacere
1587 2242 1684 2314 atque
1707 2229 1853 2310 sordere,
1888 2233 1988 2296 multa

148 2351 188 2414 ab
204 2350 357 2414 homerici
373 2351 529 2413 sermonis
548 2346 780 2414 consuetudine
797 2352 912 2413 mirum
929 2353 960 2413 in
976 2347 1107 2413 modum
1124 2348 1288 2427 recedere,
1312 2351 1411 2414 multa
1426 2353 1561 2428 narrari,
1585 2370 1667 2433 quae
1684 2350 1828 2414 Homero
1844 2349 1989 2414 nondum

150 2478 231 2532 nota
253 2469 349 2532 luisse
373 2467 555 2546 videantur,
586 2479 634 2532 tot
655 2487 769 2534 versus
791 2489 863 2533 cum
886 2489 928 2533 ex
951 2467 1048 2532 Iliade
1070 2479 1139 2532 tum
1162 2489 1205 2532 ex
1229 2467 1374 2553 Odyssea
1396 2490 1469 2533 esse
1489 2473 1646 2554 repetitos
1668 2507 1710 2517 -
1732 2472 1850 2534 etenim
1875 2481 1987 2554 quarta

148 2588 214 2650 lere
244 2607 316 2672 pars
347 2590 446 2652 totius
474 2586 663 2672 rhapsodias
692 2569 748 2651 ex¹
763 2588 829 2652 aliis
858 2586 1034 2673 rhapsodiis
1063 2586 1254 2673 deprompta
1282 2598 1331 2653 est
1353 2625 1409 2667 -,
1444 2599 1479 2652 ut
1502 2592 1534 2653 in
1556 2589 1642 2654 nulla
1670 2590 1735 2654 iere
1765 2588 1869 2654 Iliadis
1896 2601 1988 2675 parte

148 2708 304 2789 majorem
320 2683 460 2791 reperias
477 2727 661 2784 numerum,
686 2707 805 2771 multos
827 2719 935 2771 autem
953 2725 1019 2772 tam
1035 2710 1145 2792 inepto
1161 2708 1237 2772 loco
1250 2718 1349 2792 atque
1365 2711 1407 2772 ita
1424 2707 1552 2793 quidem
1568 2730 1640 2773 esse
1655 2713 1794 2793 positos,
1818 2717 1853 2772 ut
1870 2721 1987 2794 sponte

148 2827 268 2889 lurtum
284 2837 401 2912 pateat.
435 2824 535 2908 Cujus
552 2829 596 2890 rei
614 2826 778 2910 exempla,
801 2846 843 2890 ne
866 2824 895 2890 id
918 2837 1039 2890 temere
1056 2825 1164 2890 videar
1186 2825 1402 2900 contendisse,
1425 2848 1486 2892 suo
1509 2828 1582 2892 loco
1604 2825 1716 2892 afferre
1739 2849 1807 2892 non
1829 2831 1985 2892 omittam.

252 2945 311 3009 His
333 2948 514 3031 praemissis
537 2948 561 3009 si
584 2943 624 3009 ad
646 2948 749 3030 ipsam
770 2967 837 3010 rem
861 2945 1071 3030 aggredimur,
1103 2948 1240 3030 primum
1263 2949 1385 3031 optIme
1406 2945 1533 3011 videtur
1554 2949 1647 3012 nobis
1670 2945 1896 3012 Lachmannus
1922 2951 1986 3012 ani-

149 3063 357 3128 madvertisse
379 3084 521 3142 causam,
546 3085 609 3148 qua
632 3063 747 3128 ductus
769 3069 948 3149 posteriore
970 3075 1076 3129 aetate
1091 3077 1188 3151 poeta
1203 3066 1315 3149 aliquis
1332 3067 1411 3130 hanc
1428 3065 1632 3150 rhapsodiam
1649 3065 1803 3131 addidisse
1825 3066 1987 3151 putandus

149 3187 204 3261 sit,
238 3205 310 3248 esse
333 3183 538 3269 repetendam
561 3203 603 3247 ex
626 3182 796 3268 rhapsodia
823 3183 918 3248 XXII
941 3205 970 3248 v.
994 3184 1186 3268 412—282)
1214 3186 1267 3249 ubi
1294 3185 1437 3249 Hectore
1465 3188 1569 3250 occiso
1602 3185 1745 3250 Priamus
1774 3206 1875 3250 senex
1903 3207 1987 3250 acer·

149 3305 280 3367 bissimo
307 3301 417 3367 dolore
445 3303 580 3367 afflictus
602 3305 643 3366 ab
665 3305 701 3366 iis
724 3306 777 3386 qui
799 3302 940 3382 adstant,
978 3304 1133 3389 postulat,
1168 3315 1203 3368 ut
1232 3307 1336 3368 sinant
1360 3325 1395 3367 se
1417 3303 1456 3367 ad
1478 3325 1578 3368 naves
1601 3306 1795 3370 Graecorum
1829 3305 1986 3389 proficIsci

149 3420 266 3486 Achilli
291 3421 331 3485 illi
355 3420 483 3506 quidem
507 3420 724 3486 crudelissimo
745 3423 972 3508 supplicatum,
997 3427 1022 3488 si
1044 3425 1126 3492 iorte
1141 3426 1190 3488 sui
1205 3421 1417 3488 misericordia
1432 3423 1582 3508 Peleique
1597 3428 1695 3508 patris
1710 3428 1863 3488 memoria
1878 3435 1986 3488 motus

148 3541 298 3606 Hectoris
321 3561 438 3625 corpus
461 3538 579 3605 reddat.

252 3659 311 3724 His
334 3663 428 3744 igitur
452 3661 598 3724 versibus
621 3663 801 3745 posteriore
823 3672 985 3746 tempore,
1020 3681 1085 3744 quo
1119 3662 1253 3726 tortasse
1279 3663 1462 3726 hominibus
1486 3663 1612 3726 Graecis
1633 3661 1685 3725 ille
1708 3658 1808 3725 Iliadis
1830 3662 1902 3725 finis
1920 3661 1986 3742 jam

149 3801 216 3844 non
232 3779 412 3844 satisfacere
428 3777 603 3857 videbatur,
627 3792 757 3863 poetam
776 3780 931 3864 aliquem,
955 3791 1007 3858 ut,
1030 3771 1190 3867 ,Ἕκτορος
1204 3781 1345 3867 λύτροις“
1366 3780 1545 3864 aequalium
1562 3799 1694 3844 suorum
1710 3784 1986 3864 exspectationem

148 3899 310 3983 expleret,
334 3895 507 3962 adductum
529 3919 601 3962 esse
624 3897 778 3980 conjicere
800 3899 880 3962 licet.
906 3899 1017 3963 Graeci
1039 3909 1165 3979 autem,
1200 3910 1235 3964 ut
1259 3903 1312 3984 qui
1341 3903 1462 3976 omnia,
1494 3919 1577 3982 quae
1608 3898 1768 3986 quandam
1790 3901 1907 3983 ingenii
1930 3901 1987 3963 ho·

152 4020 261 4082 merici
285 4015 520 4082 similitudinem
548 4019 751 4101 speciemque
780 4037 857 4102 prae
880 4039 914 4082 se
936 4020 1094 4102 serebant,
1128 4021 1335 4083 libentissIme
1363 4016 1630 4102 cupidissimeque
1652 4015 1809 4096 audirent,
1843 4028 1878 4081 ut
1911 4019 1986 4082 alias

150 4135 253 4202 Iliadis
269 4147 390 4221 partes,
415 4140 457 4201 ita
473 4137 554 4200 hanc
571 4156 702 4220 quoque
720 4135 937 4221 rhapsodiam,
961 4147 996 4202 ut
1019 4137 1164 4202 Homero
1181 4135 1426 4220 haudquaquam
1449 4135 1609 4220 indignam
1626 4138 1867 4220 achpiebant.‘)
1889 4135 1986 4219 Quod

154 4258 181 4319 si
203 4259 245 4320 ita
268 4266 333 4334 est,
356 4265 444 4319 recte
465 4266 500 4319 ut
522 4255 622 4320 multa
644 4258 692 4319 vir
713 4254 915 4320 doctissimus
936 4255 1167 4340 Liesegangius
1187 4267 1298 4320 contra
1325 4255 1565 4320 Lachmannum
1587 4253 1748 4340 disputare
1771 4254 1895 4319 videtur
1913 4275 1985 4320 cum

151 4373 246 4438 dicat:
282 4385 409 4456 „atque
438 4371 482 4437 de
508 4373 695 4438 Aristarcho
732 4395 854 4452 vereor,
888 4394 930 4437 ne
963 4374 1188 4440 Lachmannus
1218 4377 1360 4438 severius
1388 4385 1424 4438 ut
1450 4372 1607 4439 interdum
1637 4374 1760 4438 solebat
1786 4373 1984 4456 judicaverit,

151 4514 223 4557 cum
246 4491 343 4570 dicat,
374 4491 405 4556 id
427 4491 680 4578 exspectandum
702 4493 813 4572 fuisse,
848 4503 883 4558 ut
917 4492 1122 4558 Aristarchus
1145 4505 1341 4579 postremam
1369 4491 1473 4557 Iliadis
1501 4491 1703 4579 rhapsodiam
1725 4503 1757 4556 et
1779 4491 1891 4556 XXIII
1912 4491 1986 4557 inde
2023 4587 2025 4592 ,

152 4634 171 4675 a
193 4631 288 4676 versu
312 4611 376 4688 824
398 4614 540 4695 quinque
561 4613 802 4689 certaminibuS,
826 4622 875 4675 tot
898 4613 982 4674 enlm
1004 4612 1100 4676 luisse
1123 4615 1293 4697 promissa,
1316 4615 1450 4696 peractis
1473 4614 1625 4694 rejiceret.
1655 4610 1789 4676 Videtur
1810 4615 1894 4676 enlm
1916 4631 1986 4676 rem

255 4781 275 4850 ²)
292 4783 369 4846 Quod
384 4783 504 4847 judicium
523 4797 596 4847 quam
615 4797 700 4832 venam
718 4785 758 4840 sit,
779 4783 904 4847 Spohnius
922 4785 945 4834 in
962 4783 1027 4834 libro
1046 4783 1097 4844 ,de
1115 4789 1224 4834 extrema
1237 4783 1367 4847 Odysseae
1379 4789 1448 4848 parte
1460 4797 1524 4832 aevo
1536 4785 1673 4833 recentiore
1686 4789 1741 4833 orta
1753 4797 1826 4847 quam
1839 4784 1983 4840 Homerico,

149 4885 217 4950 Lips.
240 4885 321 4936 1816*
342 4885 455 4934 ostendii.

253 4985 340 5054 1)1.1.
360 5002 413 5052 pag
434 4988 467 5047 85
486 4987 528 5037 cir.
547 4987 635 5051 Bergk.
659 4987 757 5038 Grieeh.
787 4987 994 5057 Literaturgeseh
1013 4987 1025 5037 l
1043 4987 1088 5037 Bd.
1108 5001 1162 5052 pag.
1186 4989 1238 5046 639
1255 4987 1323 5044 „das
1341 4987 1420 5038 Motiv
1437 5003 1468 5038 zu
1487 4987 1533 5036 der
1548 4988 1651 5052 Ldsung
1677 4987 1787 5038 Hectors
1805 4989 1921 5037 entnahm
1940 4987 1985 5038 der

150 5088 255 5138 Dichter
272 5103 316 5138 aus
335 5089 427 5140 Stellen
445 5089 489 5138 des
508 5099 539 5138 22
559 5091 696 5154 Gesanges,
715 5090 864 5139 narnentlich
883 5105 927 5139 aus
946 5090 990 5140 der
1007 5089 1079 5140 Rede
1097 5089 1142 5138 des
1160 5090 1276 5140 Priamus.

252 5189 275 5258 ³)
292 5191 335 5240 cir.
354 5191 492 5256 Liesegang
509 5191 562 5248 „de
580 5193 665 5242 XXIV
682 5193 766 5242 Iliadis
783 5192 917 5258 rhapsodia
935 5193 1079 5243 dissertatio.
1107 5193 1167 5242 Pars
1185 5194 1252 5258 prior
1269 5191 1395 5255 Duisburg
1416 5191 1478 5242 1862
1496 5206 1549 5256 pag.
1569 5201 1592 5252 5.
