4528 5820
1201 471 1223 536 6

294 693 409 760 capere
431 695 497 739 non
523 684 649 759 posset,
683 675 786 739 multo
819 695 914 740 mane
948 675 1040 757 cubili
1073 675 1185 740 relicto
1214 696 1272 760 per
1299 675 1389 740 littus
1420 675 1547 740 errabat
1575 673 1791 758 Hectorisque
1817 694 1933 759 corpus
1961 673 2070 742 denuo
2098 675 2142 742 ad

295 814 423 860 currum
444 793 613 876 religatum
635 802 684 858 ter
706 795 824 860 circum
847 796 939 858 amici
961 795 1122 860 tumulum
1144 796 1304 879 rapiebat,
1338 802 1465 878 raptum
1487 813 1560 858 cum
1582 793 1671 856 humi
1693 793 1804 875 jacens
1826 794 2005 878 reliquisset
2026 816 2141 862 rursus

294 914 393 998 quieti
415 933 450 976 se
471 910 575 976 dabat.
612 911 733 996 Apollo
756 920 865 976 autem
887 912 1039 976 Hectoris
1061 933 1180 998 corpus
1195 933 1237 976 ne
1253 909 1494 990 deformaretur,
1516 932 1614 976 aurea
1629 911 1742 996 aegide
1764 915 1902 997 tegebat.
1937 913 1991 980 Dii
2006 914 2140 982 tandem

294 1029 505 1098 misericordia
526 1033 678 1096 commoti
700 1030 864 1115 postulant
886 1052 906 1096 a
928 1029 1100 1111 Mercurio,
1134 1041 1171 1097 ut
1197 1051 1315 1116 corpus
1336 1033 1498 1116 surripiat,
1530 1053 1550 1096 a
1570 1029 1724 1116 Neptuno
1747 1032 1875 1116 Junone
1896 1031 2039 1098 Minerva
2061 1055 2139 1099 con-

292 1149 518 1216 tradicentibus
541 1149 759 1236 prohibentur,
793 1150 1002 1234 objurgantur
1029 1151 1070 1214 ab
1098 1149 1259 1238 Apolline.
1308 1149 1393 1216 Rixa
1420 1148 1496 1216 inde
1523 1161 1594 1216 orta
1620 1153 1826 1235 componitur
1848 1174 1867 1215 a
1888 1151 1987 1236 Jove,
2018 1156 2073 1236 qui
2102 1175 2139 1220 se

260 1235 266 1258 ι
293 1291 352 1354 ρετ
376 1266 548 1333 Thetidem
583 1267 698 1334 Achilli
732 1267 957 1334 mandaturum
990 1290 1063 1334 esse
1095 1268 1249 1348 declarat,
1287 1280 1323 1336 ut
1356 1272 1461 1354 pretio
1483 1291 1502 1333 a
1524 1267 1652 1336 Priamo
1679 1281 1812 1355 accepto
1835 1271 1986 1336 Hectoris
2019 1291 2138 1357 corpus

293 1387 403 1454 reddat
426 1387 470 1472 (v.
498 1387 624 1471 1—76).

396 1525 456 1590 His
477 1525 658 1610 praemissis
687 1523 754 1604 jam
789 1521 953 1588 videamus
980 1544 1031 1590 res
1060 1522 1213 1609 quasdam
1246 1525 1394 1608 singulas.
1439 1524 1491 1589 Ac
1523 1529 1660 1611 primum
1693 1525 1821 1610 quidem
1854 1529 1959 1612 ipsum
1986 1526 2026 1592 ad
2055 1529 2138 1594 hanc

293 1645 414 1730 λύτρων
435 1641 638 1727 rhapsodiam
661 1645 828 1706 transitum
852 1660 966 1726 parum
988 1642 1157 1708 commode
1179 1664 1251 1709 esse
1274 1645 1393 1708 lactum
1403 1644 1470 1725 jam
1485 1665 1630 1710 summus
1653 1645 1703 1709 ille
1725 1648 1866 1721 criticus,
1890 1646 2136 1712 Lachmannum

292 1761 377 1840 dico,
401 1759 631 1826 animadvertit.
654 1760 676 1844 ¹)
709 1760 843 1826 Accedit
866 1760 955 1845 quod
978 1764 1084 1848 incipit
1106 1781 1234 1828 carmen
1255 1784 1275 1826 a
1297 1763 1400 1829 lorma
1421 1763 1555 1840 ,,λι”ιτο“,
1577 1762 1665 1848 quod
1687 1761 1763 1847 quid
1786 1767 1826 1828 sit
1847 1783 1956 1847 neque
1977 1767 2059 1829 inter
2083 1787 2136 1830 ve

296 1893 380 1946 teres
396 1900 503 1965 neque
525 1883 608 1944 inter
630 1883 824 1945 recentiores
847 1883 923 1948 satis
945 1890 1080 1944 constat.
1115 1881 1268 1965 Legimus
1289 1903 1387 1967 porro
1409 1885 1442 1946 in
1464 1879 1579 1946 eodem
1602 1903 1632 1946 u.
1655 1881 1735 1954 θοὰς
1754 1882 1801 1946 ἐπί
1823 1888 1899 1971 νῆας
1918 1883 2040 1949 ίκοστοι
2061 1885 2136 1950 ἐσκί-

294 1996 394 2066 δναντ’
416 1999 508 2072 λίνοις
529 2010 562 2064 at
585 2000 719 2063 verbum
742 1999 921 2066 σκίδνασθαι
943 2003 1088 2084 quamvis
1105 1999 1190 2065 haud
1207 2021 1279 2065 raro
1295 2004 1335 2068 sit
1353 1999 1566 2078 „discedere“
1589 2021 1748 2087 nusquam
1771 2012 1880 2066 tamen
1901 2004 1962 2068 nisi
1984 2004 2137 2069 hocloco

293 2121 437 2184 invenies
459 2138 532 2181 cum
555 2119 711 2183 infinitivo
733 2117 848 2196 ,,λέναι“
871 2120 1087 2201 conjunctum.
1128 2118 1247 2184 Conler
1270 2123 1296 2184 si
1319 2118 1444 2185 videtur
1461 2124 1487 2187 Α
1504 2123 1564 2187 487
1582 2121 1757 2186 ἐσκίδναντο
1779 2123 1857 2186 κατὰ
1880 2121 1994 2193 κλισίας
2014 2146 2049 2186 τε
2067 2123 2141 2194 νέας

295 2263 329 2303 τε
334 2264 347 2312 ‚·
368 2263 390 2303 α
405 2239 470 2304 274
488 2242 670 2326 μνηστῆρας
685 2238 743 2323 μὲν
761 2238 812 2302 έπλ
833 2237 970 2324 σφέτερα
991 2237 1171 2304 σκίδνασθαι
1192 2237 1312 2325 ἄνωχθι
1317 2261 1331 2312 ,·
1350 2239 1376 2322 β
1397 2243 1465 2306 262
1487 2241 1553 2304 λαοί
1571 2240 1629 2325 μὲν
1650 2237 1808 2305 σκίδνασθ’
1830 2241 1877 2305 ἐπὶ
1899 2240 1977 2328 ἔργα
1999 2241 2135 2314 ἕκαστος.

297 2357 419 2422 Versus
442 2365 550 2420 autem
575 2357 648 2420 huic
672 2356 844 2420 simillimos
873 2358 972 2420 habes
1001 2359 1106 2422 T277
1127 2359 1155 2422 ol
1170 2357 1228 2442 μὲν
1250 2353 1300 2444 αἴν’
1322 2357 1495 2424 ἐσκίδναντο
1521 2359 1575 2446 ap
1601 2358 1649 2424 ἐπὶ
1671 2364 1728 2445 νῆα
1751 2359 1892 2438 ἕκαστος,
1935 2361 1965 2426 θ’
1986 2363 2018 2437 3,
2053 2381 2135 2444 quos

297 2474 425 2560 quidem
447 2493 580 2560 prorsus
603 2495 675 2538 cum
699 2475 760 2538 hoc
784 2495 961 2558 congruere
991 2473 1080 2539 vides
1102 2477 1160 2540 nisi
1185 2474 1271 2559 quod
1292 2478 1323 2540 h.
1347 2477 1366 2540 l.
1390 2487 1487 2561 poeta
1510 2477 1592 2542 istud
1613 2478 1740 2555 ,,ίέναι“
1762 2477 1896 2557 addidit,
1920 2500 1986 2562 quo
2009 2479 2135 2563 adjecto

296 2597 336 2659 ab
354 2596 503 2658 homerici
526 2595 683 2657 sermonis
706 2592 937 2658 consuetudine
959 2596 1103 2672 recessit,
1127 2606 1158 2660 et
1180 2595 1234 2684 ἑὴν
1256 2595 1304 2660 ἐπὶ
1320 2601 1378 2682 νῆα
1401 2596 1530 2668 ἕκαστος
1547 2600 1578 2661 in
1594 2595 1673 2668 θοὰς
1692 2597 1739 2662 ἐπὶ
1761 2603 1837 2684 νῆας
1851 2598 1973 2663 ἕκαστοι
1986 2603 2132 2664 mutavit.

342 2775 349 2817 ;
398 2730 464 2794 Vix
479 2729 569 2793 aliter
584 2727 717 2811 judicari
734 2733 851 2813 poterit
866 2729 906 2793 de
921 2731 1026 2794 verbis
1042 2750 1071 2792 v.
1088 2733 1111 2797 3
1125 2731 1250 2817 δόρποιο
1266 2732 1398 2817 μέδοντο
1420 2731 1512 2798 ὕπτιον
1531 2756 1565 2796 τε
1580 2733 1727 2818 γλυκεροῦ
1743 2735 1948 2822 ταρπήμεναι,
1971 2737 2134 2816 inquibus

296 2847 493 2935 explicandis
515 2849 566 2912 alii
581 2848 675 2912 aliam
690 2850 823 2930 ingressi
838 2859 913 2912 sunt
938 2851 1028 2913 viam.
1064 2848 1128 2913 Alii
1150 2853 1234 2914 enim
1257 2854 1417 2934 genitivos
1440 2861 1472 2914 et
1495 2850 1589 2916 θπνοο
1611 2861 1643 2914 et
1667 2851 1792 2938 δόρποιο
1814 2861 1907 2936 aptos
1931 2874 2003 2917 esse
2024 2851 2133 2917 dicunt

295 2991 337 3034 ex
362 2970 464 3032 verbo
483 2965 652 3053 μέδεσθαι,
680 2966 730 3030 alii
752 2977 862 3032 contra
886 2970 915 3031 h.
939 2969 957 3032 l.
982 2969 1117 3032 verbum
1135 2968 1290 3054 μέδεαθαι
1312 2970 1504 3054 singularem
1529 2973 1592 3034 vim
1616 2969 1812 3034 deliberandi
1834 2973 1953 3036 habere
1977 2973 2134 3038 affirmant

295 3099 392 3170 atque
420 3090 463 3150 ita
491 3083 634 3168 quidem,
665 3096 701 3150 ut
729 3084 802 3149 inde
830 3087 1020 3151 infinitivum
1048 3089 1254 3176 ταρπήμεναι,
1288 3110 1330 3152 ex
1360 3091 1422 3154 hoc
1450 3099 1558 3152 autem
1587 3100 1761 3171 utrumque
1789 3093 1966 3174 genitivum
1994 3092 2135 3177 pendere

298 3217 457 3272 censeant.
492 3204 539 3268 At
562 3224 603 3267 ne
624 3207 667 3269 ita
689 3203 820 3311 quidem
840 3205 923 3269 hanc
945 3207 1040 3288 hujus
1063 3207 1124 3270 loci
1146 3204 1362 3272 difficultatem
1390 3210 1547 3272 removeri
1575 3212 1645 3291 quis
1668 3219 1716 3273 est
1739 3211 1816 3292 quin
1841 3209 1967 3275 videat?
2005 3211 2132 3276 Etenim

297 3345 456 3409 nusquam
471 3324 555 3387 hunc
572 3323 679 3387 locum
694 3326 720 3387 si
737 3328 920 3409 exceperis,
945 3328 1079 3389 verbum
1090 3324 1245 3412 μέδεσθαι
1259 3331 1463 3411 conjungitur
1478 3343 1551 3390 cum
1567 3328 1736 3405 infinitivo,
1754 3331 1883 3412 ponitur
1899 3351 2133 3414 saepenumero

298 3467 372 3515 cum
394 3446 536 3528 genitivo
568 3442 680 3507 ueluti:
721 3442 846 3530 δόρποιο
873 3445 903 3507 h.
926 3444 944 3507 l.
977 3445 1008 3509 Σ
1026 3447 1093 3510 245
1116 3445 1246 3511 δείπνοιο
1269 3450 1372 3513 τ321
1393 3446 1501 3513 κοίτοιο
1523 3449 1573 3511 vel
1603 3448 1703 3513 κοίτου
1727 3448 1840 3530 βδόό
1861 3473 1881 3532 7
1901 3451 1968 3516 334
1996 3451 2134 3537 πολέμοιο

299 3567 404 3634 1650
425 3563 541 3628 νόστοιο
564 3561 580 3624 λ
601 3565 663 3628 110
680 3587 705 3647 μ
725 3566 795 3629 137.
838 3563 920 3627 Huic
941 3575 1051 3628 autem
1073 3566 1245 3629 verborum
1268 3585 1298 3647 q.
1324 3587 1352 3628 v.
1377 3569 1608 3630 constructioni
1634 3566 1718 3651 apud
1734 3567 1914 3632 Homerum
1937 3570 2013 3633 nihil
2036 3572 2134 3634 simile

296 3703 448 3749 invenies.

400 3817 513 3903 Atque
530 3823 590 3884 hoc
608 3817 736 3902 quidem
752 3823 829 3885 satis
844 3831 968 3884 constat
984 3823 1015 3884 in
1031 3823 1082 3898 iis,
1106 3840 1190 3903 quae
1205 3829 1320 3904 postea
1335 3817 1464 3883 demum
1480 3819 1606 3884 additae
1621 3833 1695 3886 sunt
1711 3825 1884 3887 carminum
1899 3825 2132 3888 homericorum

299 3940 441 4024 partibus
469 3940 588 4004 multos
611 3937 805 4023 deprehendi
830 3960 957 4016 versus,
991 3943 1045 4021 qui
1065 3941 1132 4022 jam
1154 3942 1187 4002 in
1209 3940 1442 4021 antiquioribus
1465 3941 1656 4004 carminibus
1679 3945 1888 4025 reperiuntur.
1927 3943 2027 4007 Erant
2051 3945 2132 4008 enim

299 4055 384 4142 apud
407 4061 599 4122 vetustiores
622 4058 692 4122 illos
715 4069 806 4122 vates
829 4062 860 4123 in
883 4079 944 4122 usu
967 4059 1122 4122 lormulae
1145 4057 1317 4140 quaedam,
1352 4056 1508 4140 quaedam
1531 4059 1705 4122 verborum
1726 4062 1984 4142 conjunctiones,
2018 4063 2132 4144 quibus

299 4180 331 4241 in
360 4179 550 4242 carminibus
585 4175 758 4242 condendis
789 4186 821 4240 et
851 4180 1024 4241 memoriae
1059 4174 1245 4240 mandandis
1280 4175 1512 4259 recitandisque
1545 4180 1686 4240 maxime
1720 4175 1866 4241 videntur
1899 4180 1995 4242 fuisse
2027 4179 2132 4261 adjuti.

300 4297 518 4378 Quamobrem
532 4316 599 4361 non
615 4295 655 4360 de
671 4299 706 4360 iis
724 4297 841 4379 loquor
857 4297 1018 4374 versibus,
1041 4297 1156 4378 quibus
1172 4296 1242 4358 illae
1259 4294 1480 4360 describuntur
1493 4316 1559 4372 res,
1583 4316 1718 4378 quarum
1735 4297 1806 4381 plus
1823 4297 1921 4360 semel
1938 4300 2133 4362 mentionem

298 4413 365 4478 fieri
388 4434 470 4497 opus
493 4425 576 4494 erat,
601 4413 657 4480 sed
682 4436 793 4480 versus
815 4415 972 4500 intelligo,
996 4417 1051 4497 qui
1073 4418 1105 4480 in
1128 4415 1180 4478 illo
1203 4435 1339 4480 numero
1359 4413 1562 4479 nullomodo
1584 4436 1715 4500 prorsus
1731 4416 1841 4480 haberi
1857 4427 1995 4501 possunt
2017 4420 2134 4499 quique

299 4532 385 4597 haud
407 4554 479 4598 raro
503 4545 569 4598 tam
591 4532 760 4598 immodice
782 4545 985 4620 repetuntur,
1009 4545 1044 4597 ut
1067 4532 1226 4617 quaedam
1249 4543 1355 4618 partes
1379 4537 1506 4598 centoni
1529 4535 1703 4598 simillimae
1725 4557 1797 4600 esse
1819 4534 1995 4600 videantur.
2030 4533 2133 4612 Hujus

299 4672 431 4735 quoque
453 4651 579 4735 deque
600 4656 724 4736 agimus
746 4651 936 4737 rhapsodiae
959 4654 1136 4737 permultos
1159 4673 1270 4718 versus
1290 4657 1323 4718 in
1344 4654 1412 4718 aliis
1440 4674 1512 4718 cum
1536 4652 1639 4718 iliadis
1662 4665 1731 4720 tum
1758 4654 1923 4738 Odysseae
1945 4657 2134 4720 carminibus

298 4769 527 4856 deprehendes.
574 4770 670 4852 Quod
700 4791 742 4834 ne
770 4781 891 4836 temere
921 4772 1098 4855 leviterque
1130 4771 1236 4837 videar
1269 4771 1472 4837 contendisse
1507 4774 1616 4838 confer
1645 4775 1670 4838 si
1699 4775 1801 4859 placet
1831 4795 1941 4853 eum,·
1961 4794 2058 4856 quem
2087 4775 2135 4838 hic

298 4894 439 4956 imitatus
463 4901 512 4955 est
534 4891 641 4954 locum
664 4888 779 4974 Odyss.
804 4915 813 4954 ι
833 4893 900 4957 373
921 4891 982 4954 κὰδ
1002 4891 1038 4956 δέ
1056 4915 1108 4976 μιν
1129 4889 1222 4962 ὕπνος
1240 4883 1308 4978 ᾔρει
1330 4891 1557 4978 πανδαμάτωρ,
1579 4913 1662 4976 quae
1678 4892 1807 4977 quidem
1829 4895 1926 4958 verba
1942 4896 1969 4958 is
1984 4897 2038 4976 qui
2054 4895 2135 4958 hanc

401 5179 422 5249 ¹)
440 5182 453 5230 l.
473 5182 488 5231 l.
509 5196 563 5246 pag.
583 5182 622 5242 85.
