4528 5820
1148 249 1168 312 8

980 337 1337 348 ι----

342 451 438 536 Quod
461 451 588 537 quidem
610 473 640 518 v.
661 455 702 520 18

443 571 475 637 ἐν
497 573 559 637 κύνι
580 572 749 645 ἐκτανύσας
768 573 955 661 προπρηνέα.
979 575 1040 639 τοῖο
1062 568 1092 638 δ’
1113 566 1261 639 Ἀπόλλων

239 693 347 758 similis
369 702 419 757 est
441 711 555 757 versus
579 704 620 768 25
642 691 688 755 rh.
711 691 742 756 p

440 859 461 890 ,,
469 809 586 898 πρηνέα
608 811 669 896 πὰρ
691 809 829 898 λεχέεσσι
851 811 1056 877 Μενοιτιάδαο
1079 809 1231 882 τανύσσας
1249 809 1281 875 ἐν
1303 809 1437 898 ιονίης“,

237 932 266 995 ei
292 932 338 994 rei
365 951 432 995 non
460 931 597 994 multum
626 931 799 994 tribuerim.
841 929 990 1014 Utroque
1024 930 1095 995 loco
1130 930 1280 994 Hectoris
1314 949 1431 1014 corpus
1460 929 1602 994 Achilles
1634 931 1692 994 sibi
1720 927 1974 994 dedecoraudum
2003 951 2079 996 esse

236 1052 459 1128 constituerat,
488 1069 594 1133 neque
616 1050 692 1114 mihi
718 1047 847 1133 quidem
871 1047 1043 1135 quidquam
1066 1069 1108 1114 ex
1131 1070 1169 1113 ea
1191 1047 1394 1116 similitudine
1417 1048 1485 1113 elici
1508 1069 1605 1134 posse
1628 1046 1764 1113 videtur.

337 1168 461 1234 Versus
486 1171 539 1253 qui
558 1169 625 1250 jam
647 1179 827 1252 sequuntur
850 1182 892 1234 20
914 1179 947 1233 et
971 1183 1008 1233 21

440 1289 509 1374 πςοί
531 1280 555 1352 δ
560 1287 649 1370 αἰγίδι
671 1290 769 1352 πάντα
791 1289 941 1352 κύλοπτεν

436 1407 580 1496 χρυσείη,
602 1406 650 1472 ίνα
667 1409 713 1497 μή
731 1432 783 1495 μιν
805 1407 977 1495 ἀποδρύφοι
997 1408 1190 1483 ἑλιοστιίζων

233 1527 275 1591 ab
296 1524 525 1592 Alexandrinis
548 1527 739 1609 rejiciuntur.
771 1525 979 1591 Contendunt
1003 1530 1087 1592 enim
1110 1548 1167 1592 eos
1189 1524 1381 1604 redundare,
1405 1545 1435 1588 v.
1462 1537 1502 1605 19

439 1651 538 1711 πᾶσαν
560 1645 690 1734 ἀεικείην
712 1645 811 1734 ἄπεχε
828 1645 915 1734 χροΐ,
937 1642 1016 1733 φῶτ’
1038 1646 1186 1734 ἐλεαξοιον

233 1767 327 1852 plane
349 1765 508 1830 sufficere:
534 1762 697 1848 quomodo
720 1763 761 1828 dii
776 1763 925 1829 Hectoris
949 1785 1067 1851 corpus
1090 1788 1109 1829 a
1130 1766 1376 1829 lacerationibus
1397 1773 1497 1846 atque
1519 1765 1639 1846 injuriis
1662 1761 1850 1828 foedissimis
1872 1761 2074 1829 defenderint

236 1895 366 1971 poetam
399 1887 532 1948 nescire:
585 1903 653 1947 non
686 1887 858 1970 convenire
884 1883 974 1967 Jovis
1002 1883 1114 1970 aegide
1145 1887 1308 1950 hominem
1341 1893 1504 1948 mortuum
1537 1885 1601 1966 tegi
1637 1883 1782 1969 ,,δνίερον
1814 1884 1863 1947 καὶ
1895 1881 2077 1971 ἀνάδαστον

233 2007 287 2092 τὴν
321 2007 373 2069 τοῦ
406 2004 477 2074 Διὸς
506 2002 607 2085 αἰγίδα
641 2005 748 2093 νεκροῦ
782 2003 954 2091 περίβληρα
984 2003 1146 2086 γίνεσθαί(
1183 2003 1327 2088 aegidem
1360 2023 1426 2066 non
1461 2022 1533 2066 esse
1566 2001 1725 2085 Apollinis
1770 2003 1875 2084 „afric
1906 2001 1961 2067 οὐκ
1993 2002 2076 2068 ἔστιν

232 2123 352 2187 αὐτούς(
390 2143 504 2208 parum
537 2133 612 2206 apte
646 2141 763 2206 corpus
792 2123 832 2184 ab
861 2121 986 2186 Achille
1021 2135 1148 2208 raptum
1178 2144 1218 2187 eo
1248 2126 1317 2208 ipso
1351 2125 1415 2205 tegi
1448 2132 1595 2205 ternpore
1631 2126 1728 2198 ,,πῶς
1751 2120 1787 2185 δὲ
1814 2123 1864 2186 καί
1891 2121 2074 2209 κατείληπτο

233 2244 271 2328 τῇ
299 2239 388 2324 αἰγίδι
415 2241 589 2326 ἑλκόμενος,
630 2239 690 2322 (ἵνα
714 2241 759 2326 μὴ
787 2241 970 2329 δποστραφη
991 2249 1028 2320 “,
1070 2261 1249 2327 repugnare
1276 2243 1361 2305 huuc
1386 2240 1493 2304 locum
1518 2241 1568 2304 alii
1597 2239 1720 2304 cuidam
1750 2243 1781 2304 in
1808 2241 1914 2325 rhaps.
1959 2242 1990 2305 Ψ
2010 2243 2074 2308 186

232 2382 307 2446 sqq,
354 2364 408 2425 ubi
442 2359 556 2423 Venus
591 2369 738 2423 narratur
774 2358 841 2424 dies
874 2371 1052 2444 noctesque
1091 2381 1185 2425 canes
1224 2381 1333 2425 arcere
1373 2380 1534 2444 roseoque
1567 2369 1598 2424 et
1632 2363 1794 2426 ambrosio
1826 2371 1995 2444 unguento
2029 2381 2073 2424 ne

232 2481 369 2547 violetur
399 2499 516 2564 corpus
543 2499 679 2562 ungere,
717 2479 838 2564 Apollo
866 2491 990 2559 autem,
1034 2501 1075 2545 ne
1104 2501 1221 2565 corpus
1250 2480 1324 2544 solis
1355 2478 1470 2543 ardore
1495 2489 1680 2558 torreretur,
1722 2490 1828 2544 toturn
1856 2480 1979 2558 locum,
2015 2481 2071 2543 ubi

232 2621 348 2686 corpus
377 2600 518 2681 jacebat,
556 2609 625 2662 atra
659 2599 745 2662 nube
780 2570 1023 2664 circumdedisse
1050 2611 1205 2664 narratur.
1255 2597 1357 2682 Quid?
1398 2597 1485 2683 quod
1520 2608 1630 2663 nostra
1664 2609 1769 2663 aetate
1803 2599 1951 2662 homines
1983 2597 2071 2662 haud

230 2717 349 2784 indocti
387 2721 428 2782 ab
467 2715 695 2782 Alexandrinis
738 2727 823 2782 stant
867 2739 1045 2802 eorumque
1090 2721 1281 2783 seutentiam
1336 2716 1506 2782 defendere
1551 2717 1725 2782 conantur?
1781 2716 1867 2800 quod
1912 2719 2071 2782 Henricus

231 2838 452 2915 Duentzem5‚
477 2823 524 2900 vir
546 2834 762 2913 doctissimus,
794 2846 830 2900 ut
852 2839 1001 2901 omnibus
1024 2841 1134 2902 naevis
1157 2839 1240 2902 hanc
1262 2835 1478 2922 rhapsodiam,
1513 2840 1605 2920 cujus
1628 2839 1703 2901 olim
1727 2847 1912 2922 susceperat
1934 2840 2071 2922 patroci-

232 2961 335 3034 nium,
358 2957 520 3032 liberaret,
543 2964 576 3019 et
593 2956 653 3018 hos
669 2975 782 3019 versus
797 2966 829 3018 et
845 2956 924 3020 alios
940 2957 1073 3036 multos,
1096 2969 1132 3020 ut
1154 2959 1195 3021 ab
1217 2957 1446 3040 interpolatore
1465 2959 1617 3033 insertos,
1641 2954 1796 3021 delendos
1812 2978 1884 3020 esse
1899 2956 2026 3020 censet?
2045 2957 2069 3038 ¹)

231 3075 386 3142 Nimirum
408 3077 452 3138 sic
474 3095 570 3158 saepe
597 3075 721 3139 criticos
749 3077 845 3138 etiam
872 3073 1135 3164 prudentissimos
1157 3097 1254 3161 agere
1284 3075 1444 3152 videmus,
1478 3087 1528 3153 ut,
1558 3078 1584 3140 si
1614 3075 1689 3158 quid
1717 3078 1859 3160 ipsorum
1889 3077 2071 3140 rationibus

230 3197 334 3258 minus
356 3191 527 3270 conducat,
551 3190 580 3256 id
602 3193 867 3277 interpolatorum
883 3194 990 3272 fraudi
1004 3207 1059 3260 aut
1083 3195 1235 3260 stultitiae
1258 3199 1435 3279 imputent,
1459 3198 1647 3278 quasivero
1670 3195 1711 3259 illi
1734 3215 1829 3258 caeco
1851 3193 1991 3277 quodam
2014 3199 2070 3259 im-

231 3324 324 3399 petu,
355 3333 421 3376 non
449 3313 553 3395 aliqua
582 3311 708 3390 saltem,
738 3316 884 3396 quamvis
907 3335 1140 3398 saepenumero
1163 3314 1255 3392 falsa,
1286 3317 1411 3379 ratione
1434 3317 1571 3398 permoti
1593 3314 1773 3378 Homerum
1796 3313 2068 3398 interpolaverint.

229 3433 281 3498 De
303 3434 363 3496 hoc
385 3444 493 3496 autem
523 3431 739 3514 similibusque
767 3432 844 3496 locis
874 3431 959 3496 haud
985 3436 1048 3498 scio
1071 3455 1112 3497 an
1134 3435 1225 3497 aliter
1248 3436 1287 3498 sit
1306 3431 1521 3514 judicandum.
1555 3431 1637 3496 Nam
1661 3436 1685 3497 si
1708 3435 1734 3498 is
1757 3435 1811 3518 qui
1833 3434 1915 3495 hanc
1937 3433 2069 3517 rhapso-

228 3552 312 3617 diam
344 3554 540 3635 composuit,
574 3550 683 3614 multis
716 3551 793 3614 locis
816 3573 834 3613 a
855 3550 1087 3616 consuetudine
1120 3553 1279 3616 homerica
1305 3551 1407 3617 idest
1437 3555 1506 3634 ejus
1529 3562 1662 3636 poetae,
1698 3555 1751 3635 qui
1784 3551 1933 3616 meliores
1966 3550 2069 3615 Iliadis

230 3683 336 3758 partes
352 3673 438 3748 fecit,
463 3671 629 3746 abhorret,
654 3673 679 3733 si
702 3670 875 3734 multarum
897 3692 1003 3735 rerum
1026 3671 1123 3754 longe
1144 3671 1237 3734 aliam
1259 3671 1310 3734 vel
1333 3674 1503 3754 majorem,
1527 3691 1622 3755 quam
1647 3692 1731 3754 quae
1754 3673 1933 3735 homericae
1955 3674 2068 3734 aetatis

230 3790 357 3855 videtur
379 3791 489 3869 fuisse,
512 3792 622 3854 habuit
645 3793 861 3874 cognitionem
878 3801 911 3854 et
932 3793 1109 3869 scientiam,
1130 3793 1203 3872 jure
1225 3793 1401 3876 poterimus
1424 3810 1594 3874 quaerere,
1616 3800 1724 3853 utrum
1748 3809 1861 3852 omnes
1883 3789 1977 3870 hujus
1999 3790 2068 3852 rha-

229 3910 361 3996 psodiae
383 3911 457 3988 loci,
481 3913 536 3993 qui
558 3930 630 3973 cum
654 3912 767 3973 ceteris
790 3909 892 3974 Iliadis
916 3911 1059 3993 partibus
1081 3912 1197 3994 partim
1219 3913 1250 3974 in
1272 3912 1369 3974 rebus
1392 3912 1482 3994 ipsiS,
1506 3913 1620 3994 partini
1638 3913 1669 3973 in
1685 3907 1874 3972 dictionibus
1889 3905 2066 3990 discrepant

231 4028 418 4094 removendi
442 4032 503 4094 siut
526 4041 623 4113 atque
646 4027 792 4106 tollendi,
826 4051 867 4093 au
891 4031 1005 4112 integri
1028 4031 1198 4112 intactique
1221 4027 1515 4113 sint'reliuquendi,
1544 4039 1731 4112 argumenta
1761 4027 1889 4102 scilicet,
1919 4024 2006 4089 unde
2028 4024 2069 4090 de

230 4151 409 4212 recentiore
431 4149 524 4230 hujus
547 4151 692 4212 carminis
724 4152 846 4231 origiue
868 4148 1085 4229 conjecturam
1116 4149 1220 4212 facere
1242 4148 1342 4212 liceat.
1366 4148 1392 4232 ²)
1425 4147 1583 4232 Equidem
1605 4169 1677 4211 cum
1695 4147 1889 4230 Lisegangio
1912 4143 2069 4226 ejusmodi

230 4269 337 4348 locos,
373 4288 455 4352 quos
487 4266 613 4351 quidem
642 4288 709 4331 nou
738 4289 859 4353 paucos
882 4271 914 4331 in
936 4269 995 4331 hac
1022 4265 1192 4352 rhapsodia
1214 4266 1449 4354 deprehendes,
1483 4265 1698 4332 removendos
1720 4288 1791 4330 esse
1813 4285 1907 4349 nego.
1928 4263 1954 4348 ³)
1992 4263 2067 4327 Ale-

230 4386 377 4451 xandrini
399 4398 523 4464 autem,
547 4389 666 4472 quippe
688 4391 742 4470 qui
766 4388 875 4452 falsam
892 4398 927 4450 ut
951 4408 991 4451 eo
1007 4397 1153 4472 tempore
1176 4407 1233 4471 par
1255 4398 1337 4465 erat,
1362 4385 1401 4450 de
1423 4389 1546 4471 origine
1568 4388 1676 4472 poesis
1698 4389 1805 4470 epicae
1819 4395 1851 4448 et
1867 4383 1906 4446 de
1921 4382 2067 4447 Homero

228 4517 326 4592 poeta
350 4508 504 4570 haberent
526 4509 728 4590 opinionem,
743 4545 786 4556 -
801 4509 920 4571 etenim
943 4516 1044 4570 artem
1068 4509 1206 4570 criticam
1230 4516 1376 4570 veterum
1400 4509 1679 4590 grammaticorum
1701 4506 1900 4589 temporibus
1922 4501 2066 4566 nondum

332 4763 352 4832 ¹)
369 4765 385 4814 l.
404 4765 418 4813 l.
438 4779 493 4828 pag.
513 4764 563 4823 383
581 4770 606 4813 et
623 4764 781 4814 homerische
798 4764 997 4827 Abhandlungen
1015 4777 1069 4828 pag·
1089 4763 1172 4822 330f.

329 4867 351 4934 ²)
369 4867 411 4916 cfr.
430 4867 567 4929 Liesegang
584 4866 599 4915 1.
618 4867 633 4916 l.
654 4880 707 4931 pag.
727 4875 750 4924 9.

328 4969 352 5037 ³)
369 4969 411 5020 cfr.
432 4971 543 5033 Geppert
558 4969 574 5019 l.
593 4969 608 5018 1,
628 4971 640 5020 1
659 4968 724 5027 29f.
746 4978 800 5026 117.
